2884 4828
181 411 187 432 ί
240 272 312 390 ἰι
353 318 483 390 Aur.
522 260 955 396 curiosorum.
1043 324 1088 398 ιι

14 527 16 580 ;
129 489 185 563 ut,
204 499 280 548 cum
302 473 398 563 simul
423 473 675 573 triumphasset,
697 493 813 553 tamen
839 479 916 576 potr
944 499 1090 557 mortem

131 582 227 655 Lucii
239 601 369 663 tanturn
385 585 604 656 Germanicum
617 583 649 656 se
662 587 801 660 vocaret
811 611 823 672 3
834 588 928 683 quod
943 588 1004 673 fibi
1019 590 1092 662 bel·

130 692 168 764 lo
193 692 338 789 proprio
359 712 541 789 pepererat.
564 697 603 767 In
630 693 806 792 triumpho
832 716 944 772 autem
967 701 1093 780 liberos

14 813 15 902 ss
131 803 241 876 Marci
258 802 430 901 utriusque
446 803 542 878 sexus
559 801 670 878 secum
690 829 876 892 vexerun13
895 805 940 878 ita
961 826 1093 898 tamen,

130 931 168 984 ut
189 915 226 986 &
251 912 377 1008 puellas
394 913 544 1012 virgines
569 913 746 987 veherent.
768 915 883 988 Ludos
898 915 1024 1004 etiam,
1045 919 1093 990 ob
1195 913 1199 922 ’

113 1021 339 1118 ιιιὶιιιιιρὴιιιιι
350 1025 519 1114 decretos,
530 1023 762 1120 spesiaverunt
777 1025 891 1102 habitu
904 1027 1094 1127 triumpha·

132 1132 167 1206 li.
182 1137 399 1210 Interceteta
415 1133 547 1230 pietatis
572 1133 644 1228 ejus
658 1135 730 1210 haec
746 1159 883 1234 quoque
903 1141 1094 1214 moderatio

132 1247 349 1340 praedicanda
375 1247 440 1320 esi:
463 1247 678 1320 Funambulis
703 1247 779 1344 post
803 1275 942 1345 puerum
965 1251 1095 1348 lapsum
1206 1297 1208 1306 ι

131 1355 293 1430 culcitras
311 1355 427 1448 subjici
447 1353 667 1448 jusfitrunde
682 1355 854 1453 hodieque
866 1377 936 1430 rete
951 1381 1095 1455 praeten-

132 1462 236 1536 ditur.
254 1465 347 1540 Dum
372 1464 566 1538 Parthicum
588 1463 712 1536 bellum
735 1465 882 1561 geritur,
899 1485 1024 1542 'natum
1048 1470 1095 1544 est

14 1625 15 1628 ,
132 1573 474 1661 Marcomannicum,
494 1572 591 1668 quod
610 1573 667 1645 diu
685 1595 826 1659 eorum,
852 1568 912 1670 qui
933 1577 1094 1666 aderant,
1203 1669 1207 1676 s

14 1725 15 1728 =
52 1727 56 1736 ι
97 1721 99 1728 ·
132 1701 204 1754 arte
223 1680 413 1778 suspensum
430 1682 496 1773 est,
515 1679 700 1771 ut,-sinito
721 1681 786 1775 iarn
800 1681 1094 1778 Orientalium,

133 1794 446 1868 Marcomannicum
464 1790 519 1893 a'gi
537 1793 656 1889 poffet.
678 1797 721 1866 Et
739 1819 816 1868 cunt
829 1792 927 1868 famis
940 1815 1095 1893 tempore
1137 1843 1143 1862 ι

132 1901 267 1998 populo
287 1901 479 1978 infinuauer
497 1904 538 1977 de
563 1904 675 1990 bellot
692 1902 793 1980 fratre
810 1905 887 2002 post
901 1906 1094 2004 quinquen·

132 2011 229 2082 nium
253 2011 412 2101 reverso,
436 2011 473 2084 in
499 2013 622 2088 Senatu
641 2013 731 2112 egit,
755 2015 873 2088 ambos
895 2017 1096 2092 necessarios
1135 2025 1137 2032 '

93 2187 96 2196 .
132 2121 248 2198 dicens
267 2121 359 2196 bello
375 2125 583 2210 Germanico
607 2127 837 2222 Imperatores
901 2146 904 2157 '

195 2233 285 2308 XM.
308 2235 438 2310 Tantus
456 2253 566 2310 autem
593 2254 704 2310 terror
724 2237 804 2309 belli
826 2239 1096 2336 Marcomannici

75 2333 77 2338 ¹
133 2343 221 2433 snit,
242 2364 280 2418 ut
303 2347 453 2444 undique
474 2347 660 2423 sacerdotes
687 2347 887 2422 Antoninus
912 2328 1118 2440 acciverit,'

135 2456 333 2554 peregrinos
354 2459 437 2538 ritus
458 2457 669 2554 impleverit,
690 2461 836 2534 Romam
858 2460 954 2532 omni
974 2484 1096 2558 genere

46 2613 47 2624 ι
133 2566 343 2656 lustraverit,
363 2570 645 2694 retardatusquea
667 2569 787 2642 bellica
809 2569 1021 2664 profesiione
1043 2571 1093 2645 stt.
1199 2603 1253 2648 3

14 2729 16 2748 .
134 2679 376 2752 celebravit&
392 2683 553 2752 Romano
577 2680 647 2752 ritu
669 2679 865 2758 lesiisiernia
890 2703 960 2775 pet
972 2679 1096 2776 septem

134 2787 216 2860 dies.
236 2789 345 2861 Tanta
365 2807 477 2862 autem
497 2789 683 2884 pestilentia
701 2788 786 2879 suit,
806 2806 844 2862 ut
859 2787 1026 2861 vehiculis
1040 2813 1098 2862 ca·
1186 2827 1188 2834 ⁴

135 2897 258 2971 davera
278 2887 344 2971 suit
360 2919 537 2996 exportata
554 2899 766 2996 sarracisque.
781 2901 884 2972 Tunc
901 2915 1011 2970 auteur
1027 2899 1097 2970 An·

134 3004 248 3078 tonini
268 3004 357 3102 leges
378 3005 561 3102 sepeliendi
581 3001 879 3101 sepulcrorumque
902 3002 1096 3128 asperrimas

133 3115 347 3188 sanxerunt:
365 3116 849 3214 quandoquidem'caverunt‚
869 3139 930 3202 ne,
947 3113 1098 3210 uti'quis

133 3225 262 3311 vellet,
284 3224 460 3298 fabricaret
484 3219 690 3321 sepulcrum:
717 3225 811 3322 quod
834 3223 1004 3318 hodieque
1027 3220 1097 3292 ser·

136 3355 250 3411 vatur.
271 3339 315 3410 Et
334 3335 440 3408 multa
457 3335 591 3432 quidem
607 3324 714 3408 millia
735 3333 921 3431 pestilentia
940 3328 1097 3404 consum·

135 3445 176 3517 stt
185 3446 470 3544 ‚multosque'err
493 3445 713 3542 proceribus:
734 3469 880 3540 quorum
894 3437 1098 3538 ampliffimis
1123 3533 1125 3536 Ι
1225 3472 1227 3476 ·

137 3556 337 3632 Antoninus
355 3557 475 3632 statuas
500 3559 699 3634 collocavit.
720 3555 897 3646 Tantaque
922 3545 1100 3624 clementia

136 3665 222 3756 suit,
245 3681 289 3738 ut
306 3668 344 3741 δι
366 3665 475 3738 sumtu
499 3665 639 3762 publico
660 3663 813 3760 vulgaria
835 3660 951 3732 sunere
970 3655 1099 3752 juberet
1122 3718 1133 3766 y

137 3769 279 3874 efferri,
287 3777 326 3852 δι
346 3800 440 3854 varro
462 3777 593 3853 cuidam
605 3827 616 3868 ,
630 3799 690 3886 qap
679 3771 906 3874 diripienda
919 3767 1021 3846 Urbis
1035 3789 1099 3844 oc·
