<?xml version="1.0" encoding="UTF-8"?>
<!DOCTYPE html PUBLIC "-//W3C//DTD XHTML 1.0 Transitional//EN"
    "http://www.w3.org/TR/xhtml1/DTD/xhtml1-transitional.dtd">
<html xmlns="http://www.w3.org/1999/xhtml" xml:lang="en" lang="en">
 <head>
  <title>
</title>
<meta http-equiv="Content-Type" content="text/html;charset=utf-8" />
  <meta name='ocr-system' content='tesseract 3.04.00' />
  <meta name='ocr-capabilities' content='ocr_page ocr_carea ocr_par ocr_line ocrx_word'/>
</head>
<body>
  <div class='ocr_page' id='page_1' title='image "./historiaugustsc00bipogoog_0113.png"; bbox 0 0 2884 4828; ppageno 0'>
   <div class='ocr_carea' id='block_1_1' title="bbox 293 323 1223 424">
    <p class='ocr_par' dir='ltr' id='par_1_1' title="bbox 293 323 1223 424">
     <span class='ocr_line' id='line_1_1' title="bbox 293 323 1223 424; baseline 0.015 -28"><span class='ocrx_word' id='word_1_1' title='bbox 293 325 341 396; x_wconf 87' lang='lat' dir='ltr'>u.</span> <span class='ocrx_word' id='word_1_2' title='bbox 378 324 508 399; x_wconf 86' lang='grc' dir='ltr'><strong>ιιιτ.</strong></span> <span class='ocrx_word' id='word_1_3' title='bbox 544 323 986 404; x_wconf 75' lang='grc' dir='ltr'><strong>Ριιιιοιοιιιιιι.</strong></span> <span class='ocrx_word' id='word_1_4' title='bbox 1070 355 1113 424; x_wconf 86' lang='lat'>71</span> <span class='ocrx_word' id='word_1_5' title='bbox 1221 403 1223 410; x_wconf 14' lang='grc' dir='ltr'><strong>ι</strong></span> 
     </span>
    </p>
   </div>
   <div class='ocr_carea' id='block_1_2' title="bbox 9 485 1117 587">
    <p class='ocr_par' dir='ltr' id='par_1_2' title="bbox 9 441 1117 587">
     <span class='ocr_line' id='line_1_2' title="bbox 9 485 1117 587; baseline 0.004 -30"><span class='ocrx_word' id='word_1_6' title='bbox 9 489 14 544; x_wconf 75' lang='grc' dir='ltr'>ἰ</span> <span class='ocrx_word' id='word_1_7' title='bbox 160 485 285 562; x_wconf 91' lang='lat' dir='ltr'>movit.</span> <span class='ocrx_word' id='word_1_8' title='bbox 312 491 409 560; x_wconf 84' lang='lat' dir='ltr'>Fama</span> <span class='ocrx_word' id='word_1_9' title='bbox 431 487 496 561; x_wconf 88' lang='lat' dir='ltr'>fuir</span> <span class='ocrx_word' id='word_1_10' title='bbox 518 487 592 560; x_wconf 90' lang='lat' dir='ltr'>sane</span> <span class='ocrx_word' id='word_1_11' title='bbox 604 486 814 587; x_wconf 93' lang='lat' dir='ltr'>,quodsub</span> <span class='ocrx_word' id='word_1_12' title='bbox 834 487 1117 585; x_wconf 89' lang='lat' dir='ltr'>philosophorum</span> 
     </span>
    </p>
   </div>
   <div class='ocr_carea' id='block_1_3' title="bbox 9 587 1116 803">
    <p class='ocr_par' dir='ltr' id='par_1_3' title="bbox 9 587 1116 803">
     <span class='ocr_line' id='line_1_3' title="bbox 9 587 1116 697; baseline 0.005 -30"><span class='ocrx_word' id='word_1_13' title='bbox 9 635 10 638; x_wconf 25' lang='grc' dir='ltr'><strong>ι</strong></span> <span class='ocrx_word' id='word_1_14' title='bbox 158 597 268 693; x_wconf 88' lang='lat' dir='ltr'>specie</span> <span class='ocrx_word' id='word_1_15' title='bbox 291 599 427 696; x_wconf 92' lang='lat' dir='ltr'>quidam</span> <span class='ocrx_word' id='word_1_16' title='bbox 447 587 696 697; x_wconf 82' lang='lat' dir='ltr'>rempublicam</span> <span class='ocrx_word' id='word_1_17' title='bbox 709 616 872 678; x_wconf 85' lang='lat' dir='ltr'>vexarent</span> <span class='ocrx_word' id='word_1_18' title='bbox 892 600 931 675; x_wconf 88' lang='lat'>&amp;</span> <span class='ocrx_word' id='word_1_19' title='bbox 952 598 1116 697; x_wconf 88' lang='lat' dir='ltr'>privatos</span> 
     </span>
     <span class='ocr_line' id='line_1_4' title="bbox 9 702 505 803; baseline 0.004 -28"><span class='ocrx_word' id='word_1_20' title='bbox 9 747 11 756; x_wconf 84' lang='lat'><em>·</em></span> <span class='ocrx_word' id='word_1_21' title='bbox 157 703 251 800; x_wconf 91' lang='lat' dir='ltr'>quod</span> <span class='ocrx_word' id='word_1_22' title='bbox 265 702 322 777; x_wconf 87' lang='lat' dir='ltr'>ille</span> <span class='ocrx_word' id='word_1_23' title='bbox 336 704 505 803; x_wconf 88' lang='lat' dir='ltr'>purgavit.</span> 
     </span>
    </p>
   </div>
   <div class='ocr_carea' id='block_1_4' title="bbox 205 813 1164 906">
    <p class='ocr_par' dir='ltr' id='par_1_4' title="bbox 205 813 1164 906">
     <span class='ocr_line' id='line_1_5' title="bbox 205 813 1164 906; baseline 0.003 -22"><span class='ocrx_word' id='word_1_24' title='bbox 205 813 338 885; x_wconf 81' lang='lat' dir='ltr'>XXIV.</span> <span class='ocrx_word' id='word_1_25' title='bbox 359 815 439 888; x_wconf 85' lang='lat' dir='ltr'>Erat</span> <span class='ocrx_word' id='word_1_26' title='bbox 457 838 535 906; x_wconf 78' lang='lat' dir='ltr'>mus¹</span> <span class='ocrx_word' id='word_1_27' title='bbox 551 814 612 889; x_wconf 85' lang='lat' dir='ltr'>ille</span> <span class='ocrx_word' id='word_1_28' title='bbox 635 814 837 906; x_wconf 78' lang='lat' dir='ltr'>Antonino,</span> <span class='ocrx_word' id='word_1_29' title='bbox 851 834 890 889; x_wconf 91' lang='grc' dir='ltr'>ιιι</span> <span class='ocrx_word' id='word_1_30' title='bbox 915 815 1032 890; x_wconf 91' lang='lat' dir='ltr'>omnia</span> <span class='ocrx_word' id='word_1_31' title='bbox 1051 813 1117 890; x_wconf 89' lang='lat' dir='ltr'>cri·</span> <span class='ocrx_word' id='word_1_32' title='bbox 1146 859 1164 866; x_wconf 65' lang='grc'>-«</span> 
     </span>
    </p>
   </div>
   <div class='ocr_carea' id='block_1_5' title="bbox 156 901 1118 1024">
    <p class='ocr_par' dir='ltr' id='par_1_5' title="bbox 45 901 1118 1024">
     <span class='ocr_line' id='line_1_6' title="bbox 156 901 1118 1024; baseline 0.006 -35.379"><span class='ocrx_word' id='word_1_33' title='bbox 156 901 245 993; x_wconf 83' lang='lat' dir='ltr'>ruina</span> <span class='ocrx_word' id='word_1_34' title='bbox 259 923 392 997; x_wconf 91' lang='lat' dir='ltr'>minore</span> <span class='ocrx_word' id='word_1_35' title='bbox 412 923 602 1021; x_wconf 90' lang='lat' dir='ltr'>supplici0,</span> <span class='ocrx_word' id='word_1_36' title='bbox 617 949 719 1022; x_wconf 87' lang='lat' dir='ltr'>quam</span> <span class='ocrx_word' id='word_1_37' title='bbox 738 925 866 1024; x_wconf 85' lang='lat' dir='ltr'>legibus</span> <span class='ocrx_word' id='word_1_38' title='bbox 883 924 982 1020; x_wconf 76' lang='lat' dir='ltr'>plesli</span> <span class='ocrx_word' id='word_1_39' title='bbox 995 924 1118 1015; x_wconf 84' lang='lat' dir='ltr'>solent,</span> 
     </span>
    </p>
   </div>
   <div class='ocr_carea' id='block_1_6' title="bbox 58 1027 1132 1681">
    <p class='ocr_par' dir='ltr' id='par_1_6' title="bbox 58 1027 1132 1570">
     <span class='ocr_line' id='line_1_7' title="bbox 66 1027 1132 1130; baseline 0.008 -31"><span class='ocrx_word' id='word_1_40' title='bbox 66 1033 73 1058; x_wconf 77' lang='lat'><em>³</em></span> <span class='ocrx_word' id='word_1_41' title='bbox 156 1027 317 1123; x_wconf 81' lang='lat' dir='ltr'>punireta</span> <span class='ocrx_word' id='word_1_42' title='bbox 333 1034 492 1130; x_wconf 88' lang='lat' dir='ltr'>quamvis</span> <span class='ocrx_word' id='word_1_43' title='bbox 511 1055 758 1130; x_wconf 83' lang='lat' dir='ltr'>nonnunquam</span> <span class='ocrx_word' id='word_1_44' title='bbox 782 1056 902 1107; x_wconf 89' lang='lat' dir='ltr'>contra</span> <span class='ocrx_word' id='word_1_45' title='bbox 923 1031 1132 1107; x_wconf 84' lang='lat' dir='ltr'>manifestos&#39;</span> 
     </span>
     <span class='ocr_line' id='line_1_8' title="bbox 70 1140 1115 1240; baseline 0.006 -26"><span class='ocrx_word' id='word_1_46' title='bbox 70 1153 101 1236; x_wconf 47' lang='grc' dir='ltr'><strong>ἢ</strong></span> <span class='ocrx_word' id='word_1_47' title='bbox 156 1141 194 1214; x_wconf 88' lang='lat'>&amp;</span> <span class='ocrx_word' id='word_1_48' title='bbox 215 1140 369 1238; x_wconf 86' lang='lat' dir='ltr'>gravium</span> <span class='ocrx_word' id='word_1_49' title='bbox 399 1143 580 1217; x_wconf 91' lang='lat' dir='ltr'>criminum</span> <span class='ocrx_word' id='word_1_50' title='bbox 601 1167 679 1232; x_wconf 74' lang='lat' dir='ltr'>reos</span> <span class='ocrx_word' id='word_1_51' title='bbox 701 1144 917 1218; x_wconf 85' lang='lat' dir='ltr'>inexorabilis</span> <span class='ocrx_word' id='word_1_52' title='bbox 939 1168 1115 1240; x_wconf 81' lang='lat' dir='ltr'>permane·</span> 
     </span>
     <span class='ocr_line' id='line_1_9' title="bbox 73 1241 1115 1348; baseline 0.003 -28"><span class='ocrx_word' id='word_1_53' title='bbox 73 1241 77 1248; x_wconf 79' lang='grc'><strong>’</strong></span> <span class='ocrx_word' id='word_1_54' title='bbox 97 1297 106 1344; x_wconf 59' lang='lat'>2</span> <span class='ocrx_word' id='word_1_55' title='bbox 156 1267 218 1323; x_wconf 90' lang='lat' dir='ltr'>ret.</span> <span class='ocrx_word' id='word_1_56' title='bbox 237 1251 407 1346; x_wconf 83' lang='lat' dir='ltr'>Capitales</span> <span class='ocrx_word' id='word_1_57' title='bbox 425 1250 536 1334; x_wconf 84' lang='lat' dir='ltr'>causas</span> <span class='ocrx_word' id='word_1_58' title='bbox 548 1251 727 1326; x_wconf 89' lang='lat' dir='ltr'>hominum</span> <span class='ocrx_word' id='word_1_59' title='bbox 741 1253 961 1326; x_wconf 89' lang='lat' dir='ltr'>honellorum</span> <span class='ocrx_word' id='word_1_60' title='bbox 974 1251 1042 1348; x_wconf 91' lang='lat' dir='ltr'>ipse</span> <span class='ocrx_word' id='word_1_61' title='bbox 1056 1276 1115 1325; x_wconf 91' lang='lat' dir='ltr'>co·</span> 
     </span>
     <span class='ocr_line' id='line_1_10' title="bbox 99 1350 1115 1462; baseline -0.004 -26"><span class='ocrx_word' id='word_1_62' title='bbox 99 1350 106 1436; x_wconf 67' lang='lat'>³.</span> <span class='ocrx_word' id='word_1_63' title='bbox 156 1359 302 1456; x_wconf 86' lang='lat' dir='ltr'>gnovit;</span> <span class='ocrx_word' id='word_1_64' title='bbox 323 1359 521 1457; x_wconf 86' lang='lat' dir='ltr'>&amp;quidem</span> <span class='ocrx_word' id='word_1_65' title='bbox 544 1360 671 1436; x_wconf 89' lang='lat' dir='ltr'>summa</span> <span class='ocrx_word' id='word_1_66' title='bbox 691 1363 874 1462; x_wconf 85' lang='lat' dir='ltr'>aequitare,</span> <span class='ocrx_word' id='word_1_67' title='bbox 895 1363 941 1434; x_wconf 85' lang='lat' dir='ltr'>ira</span> <span class='ocrx_word' id='word_1_68' title='bbox 972 1380 1009 1434; x_wconf 88' lang='lat' dir='ltr'>ut</span> <span class='ocrx_word' id='word_1_69' title='bbox 1025 1363 1115 1432; x_wconf 82' lang='lat' dir='ltr'>Prae·</span> 
     </span>
     <span class='ocr_line' id='line_1_11' title="bbox 58 1466 1116 1570; baseline 0.003 -32"><span class='ocrx_word' id='word_1_70' title='bbox 58 1466 109 1570; x_wconf 17' lang='grc' dir='ltr'>’,ιζ</span> <span class='ocrx_word' id='word_1_71' title='bbox 138 1488 268 1542; x_wconf 44' lang='lat' dir='ltr'>rnorem</span> <span class='ocrx_word' id='word_1_72' title='bbox 289 1469 568 1564; x_wconf 89' lang='lat' dir='ltr'>reprehenderer,</span> <span class='ocrx_word' id='word_1_73' title='bbox 592 1472 653 1568; x_wconf 93' lang='lat' dir='ltr'>qui</span> <span class='ocrx_word' id='word_1_74' title='bbox 673 1473 903 1546; x_wconf 86' lang='lat' dir='ltr'>citoreorum</span> <span class='ocrx_word' id='word_1_75' title='bbox 926 1470 1037 1544; x_wconf 83' lang='lat' dir='ltr'>causas</span> <span class='ocrx_word' id='word_1_76' title='bbox 1056 1495 1116 1542; x_wconf 91' lang='lat' dir='ltr'>au·</span> 
     </span>
    </p>

    <p class='ocr_par' dir='ltr' id='par_1_7' title="bbox 61 1578 1129 1681">
     <span class='ocr_line' id='line_1_12' title="bbox 61 1578 1129 1681; baseline -0.001 -29"><span class='ocrx_word' id='word_1_77' title='bbox 61 1647 70 1664; x_wconf 79' lang='grc'>,</span> <span class='ocrx_word' id='word_1_78' title='bbox 155 1579 261 1653; x_wconf 89' lang='lat' dir='ltr'>dierat</span> <span class='ocrx_word' id='word_1_79' title='bbox 273 1633 285 1671; x_wconf 90' lang='lat'>‚</span> <span class='ocrx_word' id='word_1_80' title='bbox 297 1578 495 1680; x_wconf 85' lang='lat' dir='ltr'>juberetque</span> <span class='ocrx_word' id='word_1_81' title='bbox 515 1581 611 1655; x_wconf 92' lang='lat' dir='ltr'>illum</span> <span class='ocrx_word' id='word_1_82' title='bbox 627 1583 746 1655; x_wconf 91' lang='lat' dir='ltr'>iterum</span> <span class='ocrx_word' id='word_1_83' title='bbox 767 1581 991 1681; x_wconf 83' lang='lat' dir='ltr'>cognoscere,</span> <span class='ocrx_word' id='word_1_84' title='bbox 1005 1578 1129 1676; x_wconf 54' lang='lat' dir='ltr'>digni-s</span> 
     </span>
    </p>
   </div>
   <div class='ocr_carea' id='block_1_7' title="bbox 9 1690 1262 1897">
    <p class='ocr_par' dir='ltr' id='par_1_8' title="bbox 9 1690 1262 1897">
     <span class='ocr_line' id='line_1_13' title="bbox 9 1690 1115 1778; baseline -0.004 -16"><span class='ocrx_word' id='word_1_85' title='bbox 9 1727 11 1754; x_wconf 61' lang='grc' dir='ltr'>ι</span> <span class='ocrx_word' id='word_1_86' title='bbox 154 1691 234 1764; x_wconf 88' lang='lat' dir='ltr'>tatis</span> <span class='ocrx_word' id='word_1_87' title='bbox 253 1714 373 1764; x_wconf 93' lang='lat' dir='ltr'>eorum</span> <span class='ocrx_word' id='word_1_88' title='bbox 394 1690 545 1764; x_wconf 81' lang='lat' dir='ltr'>interesse</span> <span class='ocrx_word' id='word_1_89' title='bbox 564 1690 703 1777; x_wconf 85' lang='lat' dir='ltr'>dicens,</span> <span class='ocrx_word' id='word_1_90' title='bbox 720 1709 759 1763; x_wconf 90' lang='lat' dir='ltr'>ur</span> <span class='ocrx_word' id='word_1_91' title='bbox 772 1691 813 1762; x_wconf 84' lang='lat' dir='ltr'>ab</span> <span class='ocrx_word' id='word_1_92' title='bbox 829 1714 872 1762; x_wconf 88' lang='lat' dir='ltr'>eo</span> <span class='ocrx_word' id='word_1_93' title='bbox 894 1690 1115 1778; x_wconf 85' lang='lat' dir='ltr'>audirentur,</span> 
     </span>
     <span class='ocr_line' id='line_1_14' title="bbox 155 1793 1262 1897; baseline -0.002 -26"><span class='ocrx_word' id='word_1_94' title='bbox 155 1800 216 1896; x_wconf 86' lang='lat' dir='ltr'>qui</span> <span class='ocrx_word' id='word_1_95' title='bbox 236 1823 301 1897; x_wconf 93' lang='lat' dir='ltr'>pro</span> <span class='ocrx_word' id='word_1_96' title='bbox 323 1800 455 1896; x_wconf 88' lang='lat' dir='ltr'>populo</span> <span class='ocrx_word' id='word_1_97' title='bbox 477 1799 649 1894; x_wconf 81' lang='lat' dir='ltr'>judicaret.</span> <span class='ocrx_word' id='word_1_98' title='bbox 675 1797 877 1896; x_wconf 87' lang='lat' dir='ltr'>AEquitatem</span> <span class='ocrx_word' id='word_1_99' title='bbox 901 1800 1000 1872; x_wconf 91' lang='lat' dir='ltr'>etiam</span> <span class='ocrx_word' id='word_1_100' title='bbox 1025 1798 1113 1871; x_wconf 90' lang='lat' dir='ltr'>circa</span> <span class='ocrx_word' id='word_1_101' title='bbox 1258 1793 1262 1802; x_wconf 82' lang='grc'><strong>’</strong></span> 
     </span>
    </p>
   </div>
   <div class='ocr_carea' id='block_1_8' title="bbox 157 1905 1113 2004">
    <p class='ocr_par' dir='ltr' id='par_1_9' title="bbox 157 1905 1113 2004">
     <span class='ocr_line' id='line_1_15' title="bbox 157 1905 1113 2004; baseline 0.003 -27"><span class='ocrx_word' id='word_1_102' title='bbox 157 1927 276 2002; x_wconf 89' lang='lat' dir='ltr'>captos</span> <span class='ocrx_word' id='word_1_103' title='bbox 301 1908 412 1981; x_wconf 90' lang='lat' dir='ltr'>holles</span> <span class='ocrx_word' id='word_1_104' title='bbox 438 1907 631 1982; x_wconf 84' lang='lat' dir='ltr'>custodivit.</span> <span class='ocrx_word' id='word_1_105' title='bbox 656 1907 812 1982; x_wconf 86' lang='lat' dir='ltr'>lnsinitos</span> <span class='ocrx_word' id='word_1_106' title='bbox 835 1905 1053 2004; x_wconf 71' lang='lat' dir='ltr'>erigentibus</span> <span class='ocrx_word' id='word_1_107' title='bbox 1078 1907 1113 1980; x_wconf 92' lang='lat' dir='ltr'>in</span> 
     </span>
    </p>
   </div>
   <div class='ocr_carea' id='block_1_9' title="bbox 9 2015 1120 2214">
    <p class='ocr_par' dir='ltr' id='par_1_10' title="bbox 9 2015 1120 2200">
     <span class='ocr_line' id='line_1_16' title="bbox 9 2015 1120 2113; baseline -0.005 -22"><span class='ocrx_word' id='word_1_108' title='bbox 9 2035 11 2102; x_wconf 66' lang='grc' dir='ltr'>ι</span> <span class='ocrx_word' id='word_1_109' title='bbox 117 2029 121 2038; x_wconf 90' lang='grc'>’</span> <span class='ocrx_word' id='word_1_110' title='bbox 156 2015 318 2091; x_wconf 84' lang='lat' dir='ltr'>Romano</span> <span class='ocrx_word' id='word_1_111' title='bbox 333 2018 409 2090; x_wconf 88' lang='lat' dir='ltr'>solo</span> <span class='ocrx_word' id='word_1_112' title='bbox 425 2019 626 2092; x_wconf 89' lang='lat' dir='ltr'>collocavit.</span> <span class='ocrx_word' id='word_1_113' title='bbox 641 2019 780 2091; x_wconf 84' lang='lat' dir='ltr'>Fulmen</span> <span class='ocrx_word' id='word_1_114' title='bbox 795 2019 836 2089; x_wconf 91' lang='lat' dir='ltr'>de</span> <span class='ocrx_word' id='word_1_115' title='bbox 850 2017 944 2090; x_wconf 90' lang='lat' dir='ltr'>coelo</span> <span class='ocrx_word' id='word_1_116' title='bbox 959 2015 1120 2113; x_wconf 86' lang='lat' dir='ltr'>precibus.</span> 
     </span>
     <span class='ocr_line' id='line_1_17' title="bbox 9 2119 1115 2214; baseline -0.001 -17"><span class='ocrx_word' id='word_1_117' title='bbox 9 2133 10 2152; x_wconf 69' lang='lat'>¹</span> <span class='ocrx_word' id='word_1_118' title='bbox 155 2123 223 2198; x_wconf 83' lang='lat' dir='ltr'>suis</span> <span class='ocrx_word' id='word_1_119' title='bbox 237 2119 359 2198; x_wconf 80' lang='lat' dir='ltr'>contra</span> <span class='ocrx_word' id='word_1_120' title='bbox 379 2125 525 2200; x_wconf 86' lang='lat' dir='ltr'>hostium</span> <span class='ocrx_word' id='word_1_121' title='bbox 541 2125 850 2200; x_wconf 79' lang='lat' dir='ltr'>machinamentum</span> <span class='ocrx_word' id='word_1_122' title='bbox 867 2125 1029 2214; x_wconf 76' lang='lat' dir='ltr'>extorsit,</span> <span class='ocrx_word' id='word_1_123' title='bbox 1051 2122 1115 2196; x_wconf 82' lang='lat' dir='ltr'>suis</span> 
     </span>
    </p>
   </div>
   <div class='ocr_carea' id='block_1_10' title="bbox 98 2236 1159 2443">
    <p class='ocr_par' dir='ltr' id='par_1_11' title="bbox 98 2236 1159 2443">
     <span class='ocr_line' id='line_1_18' title="bbox 98 2236 1159 2335; baseline -0.008 -22"><span class='ocrx_word' id='word_1_124' title='bbox 98 2271 102 2286; x_wconf 93' lang='lat'><em>·</em></span> <span class='ocrx_word' id='word_1_125' title='bbox 155 2237 306 2333; x_wconf 76' lang='lat' dir='ltr'>pluvia</span> <span class='ocrx_word' id='word_1_126' title='bbox 296 2257 489 2335; x_wconf 76' lang='lat' dir='ltr'>impetrata,</span> <span class='ocrx_word' id='word_1_127' title='bbox 504 2263 581 2310; x_wconf 87' lang='lat' dir='ltr'>cum</span> <span class='ocrx_word' id='word_1_128' title='bbox 597 2238 648 2310; x_wconf 88' lang='lat' dir='ltr'>srti</span> <span class='ocrx_word' id='word_1_129' title='bbox 664 2237 867 2310; x_wconf 81' lang='lat' dir='ltr'>laborarent.</span> <span class='ocrx_word' id='word_1_130' title='bbox 884 2236 1005 2308; x_wconf 88' lang='lat' dir='ltr'>Voluit</span> <span class='ocrx_word' id='word_1_131' title='bbox 1023 2239 1115 2306; x_wconf 88' lang='lat' dir='ltr'>Mar·</span> <span class='ocrx_word' id='word_1_132' title='bbox 1149 2250 1159 2258; x_wconf 75' lang='grc'><strong>“</strong></span> 
     </span>
     <span class='ocr_line' id='line_1_19' title="bbox 155 2343 1114 2443; baseline 0 -26"><span class='ocrx_word' id='word_1_133' title='bbox 155 2346 379 2422; x_wconf 85' lang='lat' dir='ltr'>comauuiam</span> <span class='ocrx_word' id='word_1_134' title='bbox 403 2346 639 2443; x_wconf 87' lang='lat' dir='ltr'>provinciam,</span> <span class='ocrx_word' id='word_1_135' title='bbox 664 2345 777 2418; x_wconf 90' lang='lat' dir='ltr'>voluit</span> <span class='ocrx_word' id='word_1_136' title='bbox 798 2343 899 2418; x_wconf 89' lang='lat' dir='ltr'>etiam</span> <span class='ocrx_word' id='word_1_137' title='bbox 920 2343 1114 2418; x_wconf 85' lang='lat' dir='ltr'>Sarmatiam</span> 
     </span>
    </p>
   </div>
   <div class='ocr_carea' id='block_1_11' title="bbox 10 2425 1115 2555">
    <p class='ocr_par' dir='ltr' id='par_1_12' title="bbox 10 2425 1115 2555">
     <span class='ocr_line' id='line_1_20' title="bbox 10 2425 1115 2555; baseline -0.002 -26"><span class='ocrx_word' id='word_1_138' title='bbox 10 2517 12 2520; x_wconf 94' lang='lat'>.</span> <span class='ocrx_word' id='word_1_139' title='bbox 154 2425 279 2555; x_wconf 61' lang='lat' dir='ltr'>facere.</span> <span class='ocrx_word' id='word_1_140' title='bbox 298 2461 337 2532; x_wconf 74' lang='grc' dir='ltr'>δι</span> <span class='ocrx_word' id='word_1_141' title='bbox 363 2456 512 2546; x_wconf 84' lang='lat' dir='ltr'>secillet,</span> <span class='ocrx_word' id='word_1_142' title='bbox 531 2456 592 2530; x_wconf 85' lang='lat' dir='ltr'>nisr</span> <span class='ocrx_word' id='word_1_143' title='bbox 618 2455 763 2530; x_wconf 81' lang='lat' dir='ltr'>Avidius</span> <span class='ocrx_word' id='word_1_144' title='bbox 787 2457 914 2532; x_wconf 86' lang='lat' dir='ltr'>Caffius</span> <span class='ocrx_word' id='word_1_145' title='bbox 933 2455 1115 2530; x_wconf 82' lang='lat' dir='ltr'>rebellasset</span> 
     </span>
    </p>
   </div>
   <div class='ocr_carea' id='block_1_12' title="bbox 154 2563 1226 2778">
    <p class='ocr_par' dir='ltr' id='par_1_13' title="bbox 154 2563 1226 2778">
     <span class='ocr_line' id='line_1_21' title="bbox 154 2563 1226 2682; baseline -0.003 -46"><span class='ocrx_word' id='word_1_146' title='bbox 154 2563 230 2660; x_wconf 76' lang='lat' dir='ltr'>suls</span> <span class='ocrx_word' id='word_1_147' title='bbox 235 2566 385 2638; x_wconf 88' lang='lat' dir='ltr'>eodem</span> <span class='ocrx_word' id='word_1_148' title='bbox 375 2591 410 2637; x_wconf 93' lang='grc' dir='ltr'>ιιι</span> <span class='ocrx_word' id='word_1_149' title='bbox 433 2567 597 2640; x_wconf 82' lang='lat' dir='ltr'>Oriente:</span> <span class='ocrx_word' id='word_1_150' title='bbox 611 2567 671 2664; x_wconf 91' lang='lat' dir='ltr'>qui</span> <span class='ocrx_word' id='word_1_151' title='bbox 692 2571 932 2661; x_wconf 85' lang='lat' dir='ltr'>Imperatorem</span> <span class='ocrx_word' id='word_1_152' title='bbox 948 2565 980 2636; x_wconf 89' lang='lat' dir='ltr'>se</span> <span class='ocrx_word' id='word_1_153' title='bbox 998 2566 1113 2661; x_wconf 86' lang='lat' dir='ltr'>appel·</span> <span class='ocrx_word' id='word_1_154' title='bbox 1126 2648 1149 2682; x_wconf 39' lang='grc' dir='ltr'><em>ὀ</em></span> <span class='ocrx_word' id='word_1_155' title='bbox 1182 2609 1189 2618; x_wconf 89' lang='grc'>-</span> <span class='ocrx_word' id='word_1_156' title='bbox 1225 2575 1226 2578; x_wconf 76' lang='grc'>’</span> 
     </span>
     <span class='ocr_line' id='line_1_22' title="bbox 155 2647 1114 2778; baseline 0.001 -33"><span class='ocrx_word' id='word_1_157' title='bbox 155 2647 240 2750; x_wconf 86' lang='lat' dir='ltr'>lavit</span> <span class='ocrx_word' id='word_1_158' title='bbox 270 2673 330 2772; x_wconf 85' lang='grc' dir='ltr'><strong>(ιιι</strong></span> <span class='ocrx_word' id='word_1_159' title='bbox 350 2673 486 2778; x_wconf 89' lang='lat' dir='ltr'>quidam</span> <span class='ocrx_word' id='word_1_160' title='bbox 509 2673 652 2772; x_wconf 89' lang='lat' dir='ltr'>dicunt)</span> <span class='ocrx_word' id='word_1_161' title='bbox 674 2674 826 2748; x_wconf 79' lang='lat' dir='ltr'>Faustina</span> <span class='ocrx_word' id='word_1_162' title='bbox 855 2675 1017 2766; x_wconf 87' lang='lat' dir='ltr'>volente,</span> <span class='ocrx_word' id='word_1_163' title='bbox 1037 2699 1114 2772; x_wconf 74' lang='lat' dir='ltr'>quc</span> 
     </span>
    </p>
   </div>
   <div class='ocr_carea' id='block_1_13' title="bbox 32 2779 1303 3100">
    <p class='ocr_par' dir='ltr' id='par_1_14' title="bbox 32 2779 1303 3100">
     <span class='ocr_line' id='line_1_23' title="bbox 153 2779 1303 2881; baseline -0.001 -24"><span class='ocrx_word' id='word_1_164' title='bbox 153 2784 197 2858; x_wconf 90' lang='lat' dir='ltr'>de</span> <span class='ocrx_word' id='word_1_165' title='bbox 209 2784 321 2860; x_wconf 87' lang='lat' dir='ltr'>mariti</span> <span class='ocrx_word' id='word_1_166' title='bbox 339 2783 531 2858; x_wconf 88' lang='lat' dir='ltr'>valetudine</span> <span class='ocrx_word' id='word_1_167' title='bbox 545 2784 741 2881; x_wconf 87' lang='lat' dir='ltr'>desperaret.</span> <span class='ocrx_word' id='word_1_168' title='bbox 763 2783 829 2857; x_wconf 82' lang='lat' dir='ltr'>Alii</span> <span class='ocrx_word' id='word_1_169' title='bbox 848 2783 986 2874; x_wconf 86' lang='lat' dir='ltr'>dicunt,</span> <span class='ocrx_word' id='word_1_170' title='bbox 999 2805 1134 2858; x_wconf 70' lang='lat' dir='ltr'>emem‘</span> <span class='ocrx_word' id='word_1_171' title='bbox 1221 2865 1228 2876; x_wconf 30' lang='lat'>⁷</span> <span class='ocrx_word' id='word_1_172' title='bbox 1295 2779 1303 2834; x_wconf 76' lang='grc'>’-</span> 
     </span>
     <span class='ocr_line' id='line_1_24' title="bbox 154 2893 1221 2992; baseline 0.003 -26"><span class='ocrx_word' id='word_1_173' title='bbox 154 2893 214 2968; x_wconf 91' lang='lat' dir='ltr'>tita</span> <span class='ocrx_word' id='word_1_174' title='bbox 237 2915 347 2970; x_wconf 89' lang='lat' dir='ltr'>morte</span> <span class='ocrx_word' id='word_1_175' title='bbox 365 2894 552 2983; x_wconf 87' lang='lat' dir='ltr'>Antonini,</span> <span class='ocrx_word' id='word_1_176' title='bbox 572 2895 718 2969; x_wconf 81' lang='lat' dir='ltr'>eaffiun</span> <span class='ocrx_word' id='word_1_177' title='bbox 741 2897 980 2992; x_wconf 81' lang='lat' dir='ltr'>imperatorem</span> <span class='ocrx_word' id='word_1_178' title='bbox 1002 2895 1032 2968; x_wconf 94' lang='lat' dir='ltr'>se</span> <span class='ocrx_word' id='word_1_179' title='bbox 1053 2921 1113 2992; x_wconf 84' lang='lat' dir='ltr'>ap·</span> <span class='ocrx_word' id='word_1_180' title='bbox 1212 2923 1221 2940; x_wconf 90' lang='lat'><strong>·</strong></span> 
     </span>
     <span class='ocr_line' id='line_1_25' title="bbox 32 2993 1205 3100; baseline -0.004 -25"><span class='ocrx_word' id='word_1_181' title='bbox 32 3045 34 3052; x_wconf 94' lang='lat'>·</span> <span class='ocrx_word' id='word_1_182' title='bbox 151 3004 310 3100; x_wconf 83' lang='lat' dir='ltr'>pellasse,</span> <span class='ocrx_word' id='word_1_183' title='bbox 321 3029 398 3078; x_wconf 90' lang='lat' dir='ltr'>cum</span> <span class='ocrx_word' id='word_1_184' title='bbox 414 3006 543 3078; x_wconf 80' lang='lat' dir='ltr'>Divum</span> <span class='ocrx_word' id='word_1_185' title='bbox 562 3007 714 3080; x_wconf 89' lang='lat' dir='ltr'>Marcum</span> <span class='ocrx_word' id='word_1_186' title='bbox 729 2993 933 3100; x_wconf 85' lang='lat' dir='ltr'>appellasset.</span> <span class='ocrx_word' id='word_1_187' title='bbox 935 3007 986 3076; x_wconf 85' lang='lat' dir='ltr'>Et</span> <span class='ocrx_word' id='word_1_188' title='bbox 1006 3009 1113 3078; x_wconf 84' lang='lat' dir='ltr'>Anto·</span> <span class='ocrx_word' id='word_1_189' title='bbox 1202 3052 1205 3070; x_wconf 89' lang='lat'>.</span> 
     </span>
    </p>
   </div>
   <div class='ocr_carea' id='block_1_14' title="bbox 155 3109 1115 3212">
    <p class='ocr_par' dir='ltr' id='par_1_15' title="bbox 155 3109 1115 3212">
     <span class='ocr_line' id='line_1_26' title="bbox 155 3109 1115 3212; baseline 0 -26"><span class='ocrx_word' id='word_1_190' title='bbox 155 3109 257 3186; x_wconf 85' lang='lat' dir='ltr'>ninus</span> <span class='ocrx_word' id='word_1_191' title='bbox 270 3113 407 3212; x_wconf 89' lang='lat' dir='ltr'>quidem</span> <span class='ocrx_word' id='word_1_192' title='bbox 422 3112 555 3186; x_wconf 86' lang='lat' dir='ltr'>nonest</span> <span class='ocrx_word' id='word_1_193' title='bbox 575 3111 649 3185; x_wconf 87' lang='lat' dir='ltr'>satis</span> <span class='ocrx_word' id='word_1_194' title='bbox 665 3134 779 3185; x_wconf 86' lang='lat' dir='ltr'>morus</span> <span class='ocrx_word' id='word_1_195' title='bbox 792 3111 979 3186; x_wconf 72' lang='lat' dir='ltr'>deseltione</span> <span class='ocrx_word' id='word_1_196' title='bbox 992 3114 1115 3201; x_wconf 77' lang='lat' dir='ltr'>Casii·</span> 
     </span>
    </p>
   </div>
   <div class='ocr_carea' id='block_1_15' title="bbox 12 3222 1262 3435">
    <p class='ocr_par' dir='ltr' id='par_1_16' title="bbox 12 3222 1262 3435">
     <span class='ocr_line' id='line_1_27' title="bbox 155 3222 1262 3320; baseline 0 -24"><span class='ocrx_word' id='word_1_197' title='bbox 155 3247 223 3320; x_wconf 70' lang='lat' dir='ltr'>nee</span> <span class='ocrx_word' id='word_1_198' title='bbox 240 3223 361 3316; x_wconf 76' lang='lat' dir='ltr'>ineius</span> <span class='ocrx_word' id='word_1_199' title='bbox 382 3225 514 3298; x_wconf 65' lang='lat' dir='ltr'>affectus</span> <span class='ocrx_word' id='word_1_200' title='bbox 535 3224 661 3298; x_wconf 74' lang='lat' dir='ltr'>saeviit:</span> <span class='ocrx_word' id='word_1_201' title='bbox 652 3222 730 3296; x_wconf 87' lang='lat' dir='ltr'>·sed</span> <span class='ocrx_word' id='word_1_202' title='bbox 753 3245 812 3319; x_wconf 90' lang='lat' dir='ltr'>per</span> <span class='ocrx_word' id='word_1_203' title='bbox 832 3223 989 3296; x_wconf 88' lang='lat' dir='ltr'>Senatum</span> <span class='ocrx_word' id='word_1_204' title='bbox 1011 3223 1117 3296; x_wconf 77' lang='lat' dir='ltr'>hollis</span> <span class='ocrx_word' id='word_1_205' title='bbox 1256 3227 1262 3232; x_wconf 83' lang='lat'>&#39;</span> 
     </span>
     <span class='ocr_line' id='line_1_28' title="bbox 12 3307 1210 3435; baseline 0.002 -31"><span class='ocrx_word' id='word_1_206' title='bbox 12 3417 13 3422; x_wconf 9' lang='grc' dir='ltr'><strong>ι</strong></span> <span class='ocrx_word' id='word_1_207' title='bbox 91 3407 95 3417; x_wconf 66' lang='grc'><strong>,</strong></span> <span class='ocrx_word' id='word_1_208' title='bbox 155 3307 204 3404; x_wconf 88' lang='lat' dir='ltr'>ell</span> <span class='ocrx_word' id='word_1_209' title='bbox 223 3330 414 3424; x_wconf 83' lang='lat' dir='ltr'>judicatus,</span> <span class='ocrx_word' id='word_1_210' title='bbox 428 3333 630 3433; x_wconf 85' lang='lat' dir='ltr'>bonaque</span> <span class='ocrx_word' id='word_1_211' title='bbox 601 3359 673 3433; x_wconf 67' lang='lat' dir='ltr'>ejus</span> <span class='ocrx_word' id='word_1_212' title='bbox 687 3334 875 3435; x_wconf 79' lang='lat' dir='ltr'>proscripta</span> <span class='ocrx_word' id='word_1_213' title='bbox 888 3360 948 3435; x_wconf 88' lang='lat' dir='ltr'>per</span> <span class='ocrx_word' id='word_1_214' title='bbox 960 3336 1126 3409; x_wconf 74' lang='lat' dir='ltr'>aerarrum‘</span> <span class='ocrx_word' id='word_1_215' title='bbox 1207 3353 1210 3364; x_wconf 87' lang='lat'>·</span> 
     </span>
    </p>
   </div>
   <div class='ocr_carea' id='block_1_16' title="bbox 153 3416 1223 3758">
    <p class='ocr_par' dir='ltr' id='par_1_17' title="bbox 153 3416 1223 3758">
     <span class='ocr_line' id='line_1_29' title="bbox 153 3416 1223 3652; baseline 0.001 -30"><span class='ocrx_word' id='word_1_216' title='bbox 153 3416 343 3625; x_wconf 47' lang='lat' dir='ltr'>pllillcsl&#39;m</span> <span class='ocrx_word' id='word_1_217' title='bbox 336 3550 470 3626; x_wconf 75' lang='lat' dir='ltr'>Relicto</span> <span class='ocrx_word' id='word_1_218' title='bbox 488 3577 572 3652; x_wconf 86' lang='lat' dir='ltr'>crgo</span> <span class='ocrx_word' id='word_1_219' title='bbox 588 3548 774 3628; x_wconf 84' lang='lat' dir='ltr'>Sarmatico</span> <span class='ocrx_word' id='word_1_220' title='bbox 788 3543 1116 3625; x_wconf 87' lang='lat' dir='ltr'>Marcommannico·</span> <span class='ocrx_word' id='word_1_221' title='bbox 1221 3539 1223 3543; x_wconf 53' lang='grc'>’</span> 
     </span>
     <span class='ocr_line' id='line_1_30' title="bbox 154 3659 1205 3758; baseline 0.002 -26"><span class='ocrx_word' id='word_1_222' title='bbox 154 3684 224 3757; x_wconf 92' lang='lat' dir='ltr'>que</span> <span class='ocrx_word' id='word_1_223' title='bbox 250 3663 371 3752; x_wconf 92' lang='lat' dir='ltr'>bello,</span> <span class='ocrx_word' id='word_1_224' title='bbox 398 3683 518 3738; x_wconf 86' lang='lat' dir='ltr'>contra</span> <span class='ocrx_word' id='word_1_225' title='bbox 546 3663 690 3737; x_wconf 83' lang='lat' dir='ltr'>Cassium</span> <span class='ocrx_word' id='word_1_226' title='bbox 716 3661 885 3758; x_wconf 70' lang='lat' dir='ltr'>profellus</span> <span class='ocrx_word' id='word_1_227' title='bbox 910 3659 966 3734; x_wconf 83' lang='lat' dir='ltr'>eli.</span> <span class='ocrx_word' id='word_1_228' title='bbox 995 3663 1118 3734; x_wconf 87' lang='lat' dir='ltr'>Romae</span> <span class='ocrx_word' id='word_1_229' title='bbox 1203 3707 1205 3713; x_wconf 91' lang='lat'><em>-</em></span> 
     </span>
    </p>
   </div>
   <div class='ocr_carea' id='block_1_17' title="bbox 154 3768 1112 3971">
    <p class='ocr_par' dir='ltr' id='par_1_18' title="bbox 154 3768 1112 3971">
     <span class='ocr_line' id='line_1_31' title="bbox 154 3768 1112 3952; baseline 0.002 -110"><span class='ocrx_word' id='word_1_230' title='bbox 154 3771 263 3848; x_wconf 74' lang='lat' dir='ltr'>turbe</span> <span class='ocrx_word' id='word_1_231' title='bbox 282 3773 387 3849; x_wconf 87' lang='lat' dir='ltr'>ctiam</span> <span class='ocrx_word' id='word_1_232' title='bbox 410 3772 572 3882; x_wconf 89' lang='lat' dir='ltr'>suerunt,</span> <span class='ocrx_word' id='word_1_233' title='bbox 594 3772 685 3872; x_wconf 78' lang='lat' dir='ltr'>quasa</span> <span class='ocrx_word' id='word_1_234' title='bbox 706 3768 984 3952; x_wconf 67' lang='lat' dir='ltr'>CaffiusEabsente</span> <span class='ocrx_word' id='word_1_235' title='bbox 1005 3771 1112 3846; x_wconf 74' lang='lat' dir='ltr'>Anto</span> 
     </span>
     <span class='ocr_line' id='line_1_32' title="bbox 880 3903 904 3971; baseline 0 0"><span class='ocrx_word' id='word_1_236' title='bbox 880 3903 904 3971; x_wconf 79' lang='grc' dir='ltr'>ι</span> 
     </span>
    </p>
   </div>
   <div class='ocr_carea' id='block_1_18' title="bbox 0 0 1446 4828">
    <p class='ocr_par' dir='ltr' id='par_1_19' title="bbox 0 0 1446 4828">
     <span class='ocr_line' id='line_1_33' title="bbox 0 0 1446 4828; baseline 0 1"><span class='ocrx_word' id='word_1_237' title='bbox 0 0 1446 4828; x_wconf 95' lang='lat' dir='ltr'> </span> 
     </span>
    </p>
   </div>
  </div>
 </body>
</html>
