2932 4824
382 290 454 380 ,17⁶
563 271 593 286 *⁸

464 697 681 808 tutu
726 635 1253 860 cuntrotttu

381 921 838 1136 enomus
879 948 1337 1143 sturnus

829 1268 901 1334 AD

538 1471 1020 1550 DIOCLETIANUM
1057 1477 1188 1554 AUG.

682 1733 1034 1760 m

375 1999 402 2074 l.
427 1937 550 2079 Utro
563 1995 752 2096 eodemque
766 2013 921 2092 tempore
936 1996 1010 2094 poll
1025 1993 1246 2090 Pertinacem,
1259 1998 1333 2098 qui,

373 2111 512 2184 audone
538 2108 690 2195 Albino,
711 2107 908 2180 interemtus
921 2106 992 2198 est,
1007 2105 1155 2188 lulianus
1176 2137 1194 2184 a
1213 2115 1335 2185 Senatu

374 2221 519 2305 Romae,
533 2217 715 2317 Septimius
728 2217 873 2291 Severus
889 2218 931 2290 ab
948 2218 1100 2292 exercitu
1116 2217 1151 2292 in
1171 2220 1336 2318 Illyrico,

372 2329 572 2406 Pescennius
593 2321 700 2428 Niger
718 2328 754 2402 in
777 2327 940 2420 Oriente,
957 2326 1102 2402 Clodius
1133 2330 1277 2406 Albinus
1299 2332 1333 2404 in

373 2440 508 2525 Gallia,
522 2442 741 2534 Imperatores
753 2436 911 2534 appellati
928 2437 1014 2510 sunt.
1029 2439 1070 2510 Et
1086 2427 1245 2512 Clodium
1261 2441 1336 2538 qui·

371 2550 451 2622 dem
472 2547 688 2621 Herodianus
712 2545 795 2620 dicit
821 2546 937 2620 Severi
964 2546 1129 2620 Caesarem
1155 2545 1259 2622 fuisse.
1282 2549 1335 2622 sed

373 2681 455 2730 cum
471 2655 554 2728 alter
573 2655 716 2728 alterum
736 2653 967 2752 indignaretur
975 2645 1241 2752 imperare,nec
1254 2658 1335 2730 Gal·
1441 2695 1442 2702 κ

314 2797 316 2802 ·
353 2764 647 2861 'liferreposlent
666 2763 955 2838 autGermaniuui
972 2765 1161 2856 exercitus,
1178 2769 1276 2865 quod
1295 2769 1332 2842 δι
1400 2841 1403 2848 ,

369 2873 434 2972 ipfi
454 2871 551 2946 suum
571 2871 742 2967 specialem
764 2873 953 2968 Principem
979 2875 1160 2964 haberent,
1183 2878 1334 2976 undique

372 2983 493 3057 cundia
517 2981 647 3056 turbata
672 2980 759 3055 sunt.
787 2981 863 3054 Fuit
888 3002 998 3055 autem
1023 2983 1166 3056 Clodius
1189 2986 1333 3058 Albinus

370 3089 499 3164 familia
511 3088 641 3178 nobili,
658 3088 899 3162 Adrumetinus
915 3107 1026 3162 tamen
1037 3115 1077 3163 er
1088 3087 1213 3164 Africa.
1231 3114 1332 3187 quate

370 3196 496 3270 sortem
515 3195 627 3286 illam,
647 3221 714 3294 qua
734 3197 894 3270 Severum
913 3195 1084 3270 laudatum
1106 3199 1141 3269 in
1161 3197 1333 3272 Pescennii

370 3307 447 3382 vita
465 3304 630 3394 diximus,
652 3305 695 3378 ad
718 3305 749 3378 se
769 3306 939 3394 trahebat,
960 3305 1079 3385 nolens
1095 3307 1235 3407 intelligi
1255 3309 1332 3403 Pes-

360 3415 469 3518 fimus
483 3415 609 3500 Album
625 3413 719 3510 quod
735 3414 855 3485 eodem
870 3412 969 3485 versu
983 3415 1245 3504 continebatur,
1259 3441 1332 3516 quo

370 3525 410 3598 ἂ
428 3522 544 3600 Severi
562 3521 653 3608 laus,
672 3524 710 3595 dt
729 3520 930 3617 approbatio
950 3521 1046 3620 Nigri
1064 3524 1248 3600 Pescennii.
1269 3527 1333 3599 Sed
1440 3595 1441 3614 ,

369 3631 563 3728 priusquam
581 3629 638 3702 vel
653 3630 694 3701 de
713 3628 785 3722 vita
799 3626 889 3724 ejus,
906 3631 959 3704 vel
978 3634 1018 3703 de
1035 3654 1144 3706 morte
1158 3635 1334 3732 disseram,
1440 3693 1441 3716 ,

369 3739 471 3815 etiam
484 3740 550 3816 hoc
565 3738 744 3817 dicendum
758 3738 826 3834 est,
839 3740 933 3857 quod
947 3765 1023 3816 eum
1038 3745 1190 3834 nobilem
1202 3745 1295 3822 fecit.

1441 1357 1443 1402 l

1441 1443 1443 1474 t

1441 1489 1443 1532 l
