2782 4814
403 303 448 382 30
552 278 1206 354 AEtrlsPnATrnul
1301 223 1303 232 ¹

399 447 542 546 pellatus
551 446 620 536 eu,
633 468 733 544 quem
743 444 800 518 fibi
812 443 1016 530 Hadrianus,
1027 465 1105 519 aevo
1116 441 1351 540 ingravescen-

398 577 433 633 te
450 556 578 630 morbis
592 551 791 628 tristioribus
813 551 954 648 prellus,
976 570 1151 650 peragrato
1178 551 1243 642 jam
1269 549 1352 622 orbe

397 651 580 749 terrarum,
592 659 786 756 adoptavit,
801 658 885 730 nihil
899 658 999 730 habet
1010 658 1117 754 insuar
1136 657 1207 732 vita
1222 680 1351 730 memo·

397 773 524 858 rabile,
540 770 599 842 nist
621 769 717 864 quod
737 770 862 864 primus
880 785 1008 840 tantum
1026 769 1128 862 Cufar
1144 765 1192 838 ell
1209 767 1351 862 appella·

397 904 467 957 tus:
478 905 548 952 non
560 877 779 967 testamemo,
791 877 1263 975 utanteasolebat„nequeeo
1275 901 1351 950 mo·

395 996 463 1083 do,
477 1013 548 1088 quo
559 989 723 1084 Traianus
736 990 782 1062 ell
795 987 994 1085 adoptatus,
1009 985 1062 1062 sed
1075 1011 1120 1061 eo
1133 1009 1240 1084 prope
1247 1005 1352 1090 'gene-

394 1128 453 1191 re,
468 1126 540 1198 quo
555 1099 677 1173 nollris
691 1097 932 1193 temporibusa
949 1096 1063 1168 vellra
1072 1093 1260 1172 Clementia
1275 1095 1349 1171 Ma·

393 1211 562 1286 ximianus
573 1227 673 1307 atque
682 1205 899 1280 Constantius
907 1205 1052 1286 Caesares
1064 1206 1142 1278 diui
1156 1206 1348 1303 sunt,quas1

393 1321 531 1417 quidam
547 1317 741 1413 Principum
761 1313 823 1388 filii
838 1314 925 1406 riri,
942 1314 1101 1412 designati
1118 1317 1262 1414 augullae
1279 1341 1347 1389 rna·

234 1419 239 1429 ’
393 1429 515 1524 jeliatis
530 1428 679 1502 heredes.
691 1429 733 1500 Et
749 1425 911 1524 quoniam
925 1426 965 1498 de
978 1424 1145 1500 Caelarum
1164 1425 1303 1498 nomine
1317 1427 1347 1498 in

393 1540 492 1634 hujus
510 1540 679 1635 praecipue
692 1559 694 1566 ·
708 1538 779 1610 vita
799 1537 846 1609 est
866 1537 994 1632 aliquid
1018 1535 1272 1633 disputandum,
1291 1537 1347 1633 qui

393 1647 464 1720 hoc
478 1646 585 1719 solum
598 1668 724 1716 nornen
738 1642 893 1740 indeptus
905 1641 952 1716 est
962 1668 974 1730 ς
986 1643 1151 1720 Caesarem
1166 1645 1276 1718 veleb
1286 1646 1347 1716 ele·

393 1758 523 1856 phanto
549 1754 632 1854 (qui
657 1754 771 1852 lingua
799 1757 997 1828 Maurorum
1020 1760 1113 1850 caescrr
1138 1751 1288 1854 dicitur)
1316 1755 1347 1827 in

392 1865 522 1964 proelio
536 1864 638 1954 eaeso,
648 1888 741 1953 eum,
755 1865 813 1963 qui
827 1865 953 1959 primus
964 1865 1009 1938 lic
1019 1866 1201 1961 appellatus
1214 1865 1273 1955 est,
1288 1866 1347 1938 do·

245 2009 251 2014 ·
393 1975 522 2051 uiffimi
534 1979 573 2050 δι
585 1975 794 2048 eruditissimi
808 1975 873 2051 viri
894 1993 1014 2074 putent
1031 1977 1177 2066 didum3
1193 1978 1251 2048 vel
1269 1976 1345 2072 quia

391 2111 527 2161 mortua
541 2085 663 2179 matre,
677 2107 798 2176 ventre
811 2087 898 2164 caelo
914 2087 950 2162 sn
964 2106 1081 2175 natus3
1095 2091 1151 2164 vel
1163 2089 1256 2188 quod
1272 2115 1344 2160 cum

392 2195 528 2296 magnis
538 2195 686 2271 crinibus
705 2195 744 2269 srt
759 2217 859 2272 utero
871 2200 1016 2295 parentis
1032 2199 1168 2285 effusus;
1184 2200 1240 2274 vel
1252 2199 1344 2296 quod

392 2305 502 2380 oculis
531 2305 656 2394 caefils,
672 2309 711 2382 δι
730 2307 814 2382 ultra
834 2309 1017 2384 humanum
1039 2328 1167 2382 morem
1189 2308 1342 2407 viguerit.

393 2416 516 2506 Certe,
538 2441 750 2513 quecunque
769 2417 845 2509 illa,
864 2417 945 2490 felix
967 2420 1135 2492 uecellitas
1155 2417 1241 2506 fuit,
1257 2421 1341 2493 unde

391 2543 460 2596 tam
481 2525 629 2612 clarum,
644 2528 682 2600 dc
699 2527 893 2602 duraturum
909 2553 984 2602 cum
1004 2530 1188 2603 eternitate
1206 2533 1340 2617 mundi,
1386 2537 1387 2545 ’

389 2657 520 2706 nomen
539 2637 695 2709 effloruit.
715 2639 780 2713 Hic
797 2659 899 2738 ergo,
913 2640 954 2712 de
973 2664 1044 2737 quo
1060 2640 1170 2746 sermo
1190 2641 1254 2727 ell,
1277 2642 1340 2738 pri·
1385 2683 1386 2688 ,

391 2767 484 2815 nrum
499 2746 625 2816 Lucius
647 2748 803 2821 Aurelius
819 2753 926 2822 Verus
942 2749 988 2822 eli
1004 2751 1127 2843 diuus,
1142 2750 1197 2823 sed
1214 2753 1257 2824 ab
1278 2755 1340 2824 lla·

391 2851 513 2922 driano
533 2851 744 2943 adscitus4‘in
768 2857 933 2931 AEliorum
948 2859 1127 2951 familiam,
1146 2864 1215 2937 hoc
1232 2863 1295 2948 ell,
1308 2863 1338 2935 in

390 2960 551 3033 Hadriani
565 2963 810 3062 transferimus,
825 2970 862 3043 δι
875 2971 1057 3066 appellatus
1066 2971 1112 3044 ess
1125 2972 1244 3046 Caesar.
1255 2973 1339 3046 Huic

361 3099 364 3106 ⁴
390 3089 488 3166 parer
503 3069 668 3166 Ceionius
685 3077 896 3152 Commodus
909 3079 991 3168 fuit,
1006 3103 1107 3179 quem
1126 3083 1182 3158 alii
1193 3087 1338 3173 Verum,

391 3179 448 3252 alii
461 3181 599 3258 Lucium
615 3189 808 3283 Aurelium,
820 3190 918 3264 multi
935 3193 1083 3266 Annium
1100 3194 1337 3291 prodiderunt:

390 3287 536 3382 majores
550 3315 669 3366 omnes
683 3298 896 3372 nobiliffirni:
909 3325 1053 3398 quorum
1072 3305 1173 3402 origo
1188 3304 1338 3401 pleraque
1380 3371 1381 3407 r

390 3419 435 3468 err
454 3399 586 3472 Etruria
606 3400 691 3494 fuit,
707 3405 761 3477 vel
777 3431 819 3478 ex
836 3408 1007 3484 Faventia.
1022 3415 1064 3483 Et
1083 3413 1125 3484 de
1148 3412 1245 3508 hujus
1264 3417 1336 3510 qui·

379 3507 465 3580 dem
486 3509 612 3584 familia
636 3515 764 3607 plenius
789 3516 825 3590 in
848 3517 916 3590 rita
938 3520 1034 3594 Lucii
1055 3522 1183 3595 Aurelii
1206 3521 1336 3618 Cejonii
1379 3515 1380 3551 r

391 3620 578 3693 Commodi
600 3625 682 3695 Veri
704 3627 891 3721 Antonini,
904 3629 965 3703 filii
980 3631 1140 3725 hujusce,
1161 3658 1261 3732 quem
1282 3634 1336 3706 fibi
1378 3604 1379 3695 l

387 3730 547 3831 adoptare
565 3733 758 3814 Antoninus
773 3736 874 3835 julius
892 3741 959 3837 est,
976 3735 1179 3821 differemus.
1199 3743 1228 3820 is
1250 3743 1333 3820 enin
1375 3849 1377 3866 4

980 3867 1377 3983 r
