2932 4824
409 375 479 444 204
568 301 1222 424 ntrtserntttrtr

408 508 592 608 quidquam
621 502 768 600 cuipiam
794 500 895 576 dedit.
923 499 1002 576 Post
1029 501 1219 574 Parthicum
1242 501 1375 578 bellurn

408 639 504 716 pater
524 643 599 692 cum
621 615 750 714 ingenti
775 614 883 711 gloria
907 611 1064 702 floreret,
1084 613 1239 684 Baffiano
1264 613 1376 708 parti·

408 728 484 822 cipe
498 724 629 821 imperii
642 723 930 822 appellato,Geta
943 745 1083 818 quoque
1095 720 1233 794 Calatis
1245 725 1286 796 δι
1301 725 1373 796 An·
1450 725 1451 788 J

410 835 544 920 tonini,
568 852 605 906 ut
623 834 760 930 quidam
787 833 927 922 dicunt,
951 855 1079 905 nomen
1099 831 1240 927 accepit.
1261 833 1372 906 Fami·
1450 887 1451 898 2

407 947 488 1019 liare
503 945 553 1019 illi
569 944 631 1018 suit
647 945 710 1018 has
723 944 925 1041 questiones
938 941 1176 1016 Grammaticis
1191 958 1372 1038 propone·
1449 899 1451 984 l

408 1080 445 1128 re
456 1109 469 1143 ,
489 1075 525 1126 ut
544 1053 711 1144 dicerent,
730 1053 856 1152 fingula
872 1052 1027 1127 animalia
1049 1055 1228 1148 quomodo
1245 1076 1373 1126 vocem
1449 1115 1451 1144 Σ

408 1165 620 1252 emitterent,
634 1164 753 1250 velut,
775 1168 868 1261 Agni
888 1171 1018 1244 balant,
1035 1169 1162 1256 porcelli
1175 1149 1374 1260 grunniunt,

402 1280 566 1370 palumbes
593 1278 804 1360 ruinartium,
831 1275 1075 1373 urfi1suviunr,
1103 1280 1199 1346 bones
1223 1277 1373 1368 rugiunt,

408 1390 545 1480 leopardi
573 1385 704 1470 rislant,
725 1389 884 1478 »elephanti
913 1387 1071 1472 barriunt,
1099 1413 1181 1456 ranoe
1207 1412 1373 1473 coaxant,

408 1499 479 1591 equi
505 1499 680 1582 hinniunt,
701 1496 786 1592 afini
806 1499 938 1580 rudunt,
960 1501 1044 1570 tauri
1064 1499 1237 1588 mugiunt..
1251 1493 1374 1589 easque

408 1606 646 1696 devetetibus
674 1605 872 1698 approbare.
894 1605 1008 1676 Sereni
1034 1601 1239 1676 Sammonici
1266 1603 1373 1674 libros

385 1704 387 1710 ’
409 1714 676 1788 familiarissimos
690 1713 827 1801 habuit,
843 1739 930 1811 quos
944 1715 1000 1788 itte
1010 1714 1049 1786 ad
1064 1713 1277 1784 Antoninum
1294 1711 1372 1785 scri-

410 1823 484 1918 psit.
503 1823 654 1894 Habebat
674 1821 775 1894 etiam
800 1821 893 1893 iliam
913 1820 1210 1904 consuetudinem,
1232 1838 1269 1892 ut
1288 1845 1373 1894 con·

408 1932 523 2020 vivia,
544 1935 580 2004 dt
605 1931 750 2004 maxime
772 1933 932 2026 prandia,
954 1957 1014 2028 pet
1032 1930 1172 2027 fingulas
1191 1929 1303 2004 literas
1322 1928 1373 2022 ju·

302 2049 306 2068 ¹
409 2039 522 2126 beret,
544 2039 724 2117 scientibus
752 2039 874 2112 servis:
895 2038 1044 2112 velutin
1073 2063 1144 2136 quo
1169 2056 1239 2110 erat
1257 2039 1372 2126 anser,

409 2172 578 2246 aprugna,
600 2173 697 2234 anas,
720 2148 799 2221 itetn
828 2150 957 2246 pullus,
980 2148 1113 2244 perdiu,
1137 2173 1267 2244 pavus,
1289 2173 1372 2244 por·

409 2259 534 2355 celius,
546 2260 663 2356 piscis,
678 2285 800 2356 perna,
815 2263 852 2338 dt
871 2287 947 2360 quae
959 2262 993 2333 in
1014 2285 1086 2332 eam
1106 2259 1234 2334 literam
1249 2284 1372 2356 genera

409 2370 558 2444 edulium
579 2373 801 2460 caderent3&
821 2372 899 2446 item
922 2372 1080 2461 tatanus,
1095 2369 1200 2458 farta,
1215 2367 1319 2460 ficus,
1335 2373 1372 2445 δι

409 2471 499 2552 ιαΙίεζ
517 2481 631 2572 Quare
651 2467 758 2558 comis
772 2483 871 2555 etiam
888 2483 1073 2556 habebatur
1091 2481 1126 2552 in
1140 2479 1372 2554 adolescentia.

457 2591 516 2660 VI.
529 2589 655 2665 Occiso
667 2615 808 2687 eo,pars
819 2591 975 2680 militum,
988 2617 1062 2688 quae
1076 2589 1273 2684 incorrupta
1287 2606 1372 2674 erat,

408 2696 624 2792 parricidium
645 2701 817 2796 egerrime
842 2700 995 2796 accepit,
1017 2698 1204 2772 dicentibus
1226 2695 1382 2795 condis,

409 2805 544 2879 duobus
556 2808 593 2880 se
610 2808 721 2880 libetis
742 2808 841 2884 fidem
861 2808 1065 2905 promisisse,
1084 2808 1218 2880 duobus
1237 2805 1370 2879 servare

379 2952 381 2966 ν
409 2915 551 2988 debere:
580 2915 759 3014 clausisque
790 2916 897 3013 portis
929 2917 985 2990 diu
1013 2943 1084 2990 non
1110 2916 1156 2988 est
1184 2920 1371 3012 lmpetator

408 3023 573 3100 admissus.
597 3025 758 3123 Denique
779 3027 839 3098 niu
858 3027 1003 3123 querelis
1024 3028 1065 3100 de
1086 3029 1173 3100 Geta
1191 3026 1309 3114 editis,
1332 3027 1370 3099 δι

390 3131 529 3206 animis
549 3134 694 3206 militum
718 3136 885 3224 delinitis,
906 3137 1101 3211 enormibus
1124 3135 1224 3209 etiam
1246 3135 1370 3230 slipen·

356 3265 359 3276 ·
408 3239 472 3312 diis
503 3241 611 3328 datis,
640 3243 786 3315 Romam
811 3244 977 3319 Bassianus
1012 3245 1119 3320 redire
1146 3270 1216 3318 non
1243 3243 1372 3340 potuit.¹
1447 3247 1449 3338 Ξ

409 3349 486 3421 Posi
505 3351 576 3422 hac
594 3350 796 3450 denique&
815 3354 1040 3449 Papinianus,
1054 3357 1097 3444 βε
1121 3351 1217 3426 multi
1236 3352 1296 3424 atti
1319 3352 1370 3424 in·

408 3458 541 3531 teremti
558 3459 649 3549 sunt,
669 3461 726 3557 qui
744 3461 800 3535 vel
819 3461 1015 3536 concordia
1034 3461 1208 3550 faverant,
1230 3461 1289 3532 vel
1310 3456 1369 3557 qui

406 3568 550 3664 partium
576 3571 674 3642 Getae
688 3559 840 3658 fuerant,
858 3570 903 3643 ita
921 3592 957 3645 ut
971 3570 1143 3667 utriusque
1163 3569 1296 3648 ordinis
1315 3567 1369 3640 vi-

408 3675 437 3748 ri
454 3677 492 3750 &
513 3676 548 3748 in
569 3679 691 3750 balneo
718 3699 912 3768 coenantes,
934 3682 972 3755 &
990 3679 1026 3752 in
1056 3678 1195 3775 publico
1216 3694 1369 3774 percute·

407 3808 548 3880 rentur3
569 3788 772 3890 Papinianus
795 3791 865 3892 ipse
890 3792 995 3874 securi
1018 3793 1193 3893 percussus
1221 3791 1282 3888 lit,
1307 3789 1371 3876 ima
