2782 4814
435 45 445 76 l

204 273 206 276 ’
302 289 845 397 ΗΑυκιΑΝυε“
980 351 1019 427 η

59 478 214 568 videret,
228 477 453 576 arcusspecie
461 533 473 568 ,
487 496 526 552 ut
540 480 686 572 dicitur,
699 483 844 558 varium.
857 485 937 560 Inde
948 489 1025 560 Ro·

1 625 2 668 ῑ
57 583 147 664 mam
162 587 279 678 venit,
290 607 390 686 atque
400 615 441 662 ex
452 613 491 661 ea
506 588 542 662 in
558 589 709 664 Africam
725 593 875 685 transiit,
889 621 927 668 ac
942 598 1026 668 mul·
1053 687 1054 692 ἵ
1169 627 1172 636 ·

1 693 2 724 ³
58 718 134 774 tum
161 697 413 785 beneficiorum·
443 699 634 796 provinciis
663 699 833 778 Africanis
865 706 1028 778 attribuit:

57 813 134 884 Nec
147 809 319 908 quisquam
336 807 408 889 sere
423 805 620 908 Principum
635 831 766 886 tantum
778 831 942 886 terrarum
958 835 1027 888 tam

59 919 214 993 celeriter
224 922 425 1019 peragravit.
436 923 599 1020 Denique
614 947 693 998 cum
706 923 784 1022 post
792 923 939 997 Africam
956 927 1030 999 Ro·

59 1057 153 1106 nram
173 1031 326 1124 redisses,
348 1031 457 1108 statim
480 1033 523 1106 ad
543 1035 721 1110 Orientem
750 1035 943 1131 profectus,
968 1062 1029 1133 per

1 1224 2 1244 p
61 1143 211 1217 Athenas
231 1143 294 1216 iter
314 1142 540 1242 secit‚atque
563 1170 690 1242 opera,
712 1169 788 1242 qua
811 1147 899 1242 apud
924 1148 1030 1218 Athe·

1 1249 2 1304 l
61 1252 193 1326 nienses
207 1253 724 1349 coeperat,dedicavit:utlovis
736 1256 898 1354 Olympii
913 1256 1031 1344 edem,

62 1365 100 1437 &
115 1387 212 1437 aram
232 1361 311 1436 srbi:
331 1361 522 1461 eodemque
544 1363 652 1436 modo
679 1387 738 1459 per
760 1363 869 1436 Asiam
893 1364 957 1436 iter
979 1360 1033 1442 sa·

64 1469 176 1558 ciens,
200 1467 326 1563 templa
347 1467 396 1540 sui
424 1467 575 1542 nominis
597 1469 825 1542 consecravit.
847 1471 987 1543 Deinde
1011 1490 1032 1544 e

65 1577 328 1676 Cappadocibus
360 1577 496 1655 servitia
528 1578 643 1653 eastris
671 1579 849 1691 profutura
879 1580 1033 1677 suscepit.

65 1690 262 1788 Toparchas
276 1693 313 1765 δι
328 1713 422 1788 reges
442 1691 680 1765 adamicitiam
699 1690 886 1777 invitavit3
901 1692 1032 1765 invita·

1 1809 2 1848 f
66 1817 103 1871 to
123 1797 227 1871 etiarn
250 1797 406 1871 Cosdroe
429 1823 508 1897 rege
528 1801 749 1892 Parthorum,
768 1800 965 1899 remissaque
985 1804 1033 1874 illi

1 1927 2 1936 ¹
67 1907 166 1999 filia„
181 1931 291 2008 quarn*
308 1910 475 2005 Traianus
501 1929 656 2008 ceperat,
680 1912 907 2008 repromissa
935 1913 1035 2003 sella,

68 2046 143 2118 quae
168 2021 286 2096 itidem
306 2023 547 2120 capta-suerat.
565 2047 710 2120 cumque
735 2025 777 2096 ad
802 2050 878 2097 eum
901 2025 1035 2122 quidam

1 2127 2 2132 ’
69 2153 161 2228 reges
180 2128 369 2220 venisseut,
387 2129 433 2202 ita
451 2149 533 2204 cum
554 2132 607 2206 his
629 2129 715 2226 egit,
738 2148 775 2200 ut
803 2155 864 2204 eos
889 2135 1037 2228 poenite·-

70 2258 135 2330 ret,
153 2239 215 2338 qui
231 2239 352 2314 venire
372 2233 560 2316 noluerunt
573 2294 585 2330 ,
599 2240 696 2316 causa
718 2241 888 2338 speciatim
901 2245 1038 2328 Pharas·

71 2347 197 2439 manis,
219 2347 278 2446 qui
300 2347 375 2442 ejus
400 2347 642 2424 invitationem
672 2347 812 2445 superbe
841 2352 1037 2448 neglexerit.

72 2460 109 2532 Et
123 2459 328 2535 circumiens
341 2451 481 2558 quidem
508 2458 707 2556 provincias
717 2513 739 2547 ,,
767 2460 983 2532 rocuratores
1000 2463 1039 2534 de

72 2569 223 2664 praesrdes
243 2593 308 2666 pro
328 2568 423 2641 sadis
443 2567 614 2662 supplicio
633 2567 746 2639 affecit
785 2569 830 2641 ita
851 2568 984 2661 severe,
1002 2591 1041 2646 ut

73 2679 281 2753 accusatores
295 2703 355 2776 per
368 2660 401 2752 se
414 2679 606 2752 crederetur
621 2677 731 2750 immit
767 2703 813 2751 re.
1010 2733 1012 2742 .

1 2871 2 2874 Ἴ
116 2791 215 2862 XlV.
232 2787 481 2862 Antiochenses
492 2786 580 2860 inter
594 2788 666 2862 haec
686 2787 697 2859 i
750 2789 835 2863 odio
854 2791 991 2880 habuit,
1004 2812 1042 2866 ut

73 2901 203 2998 Syriam
222 2927 241 2974 a
263 2901 430 2978 Phoenice
448 2901 599 2998 separare
616 2928 641 2974 v
705 2900 790 2990 erit,
814 2925 856 2974 ne
877 2922 931 2973 tor
952 2900 1042 2972 civi·

73 3024 177 3082 tatum
199 3009 404 3107 metropolis
430 3011 617 3084 Antiochia
645 3010 823 3092 diceretur.
854 2995 1044 3083 Molverunt
1088 3095 1092 3108 1

74 3142 112 3191 ea
133 3121 327 3218 tcmpellate
347 3124 388 3195 &-
406 3121 512 3196 Judaei
538 3122 684 3212 bellum,
714 3123 811 3219 quod
841 3121 1044 3210 vetabantur

1 3255 2 3260 ¹
75 3230 231 3304 mutilare
249 3231 418 3330 genitalia.
439 3232 505 3303 Sed
531 3230 567 3304 in
589 3231 863 3320 monte'Calsro‚
886 3256 965 3304 cutn
988 3231 1044 3302 vi·

76 3335 175 3412 dendi
193 3339 274 3413 solis
290 3359 388 3412 ortus
405 3339 510 3437 gratia
526 3339 625 3412 noae
636 3339 848 3426 ascendisset,
862 3338 970 3410 imbre
987 3361 1044 3409 or·

1 3497 2 3501 =
74 3464 125 3535 to,
148 3448 278 3523 fulmen
295 3452 453 3548 decidens
473 3448 672 3524 hostiam&
691 3449 920 3522 'vislimarium
940 3447 1044 3538 sacri·

75 3553 187 3632 litanti
200 3561 337 3637 afflavit.
345 3564 448 3660 Perag
459 3581 528 3634 rata
537 3563 676 3651 Arabia,v
687 3561 857 3634 'Pelustum
871 3559 990 3645 uenit,
1004 3559 1043 3631 δι
1092 3558 1106 3588 ³

77 3665 229 3765 Pompeii
256 3671 424 3744 tumulum
450 3669 718 3768 magnificentius
742 3669 915 3741 exstruxit.
945 3667 1046 3740 Anti·

80 3803 185 3857 noum
211 3781 329 3876 suum,
352 3783 432 3858 dum
450 3807 516 3882 per
542 3781 659 3861 Nilum
678 3783 845 3880 nauigat,
874 3777 1019 3878 perdidit
1032 3803 1046 3868 ;
