2932 4824
293 321 917 460 ou'rurus-uncurrltls
1015 375 1086 446 υς
1177 439 1178 444 r

124 503 168 580 ab
193 502 310 600 aliquo
328 521 429 600 poeta
447 503 580 602 vulgari
601 505 750 579 translati
774 505 849 582 elle.
873 497 980 598 Quod
1009 531 1086 597 cum

123 615 301 687 Macrinus
317 611 571 696 audiller‚fecir
593 609 753 710 jambos,
769 616 828 711 qui
847 640 919 686 non
933 612 1087 696 exstante
1207 672 1255 694 ,Ι
1325 638 1329 646 ·

121 720 351 816 jucundissimi
372 741 483 801 autem
503 719 596 801 suille
613 722 783 798 dicuntur.
797 722 858 820 qui
878 723 1013 820 quidem
1029 749 1087 820 pe·

123 830 254 904 rierunt
267 829 301 904 in
312 855 356 908 eo
367 824 526 920 tumultu,
537 831 571 901 in
587 856 659 928 quo
672 831 741 928 ipse
755 833 886 906 occisus
900 823 1092 932 est,quan·'

124 941 173 1020 do
195 943 234 1016 δι
256 939 372 1014 omnia
387 939 492 1034 ejusa
513 940 677 1022 militibus
696 942 879 1037 pervastata
896 942 980 1020 sunt.

75 1096 82 1107 ‚
185 1050 976 1142 XV,·Genusmortis,utdiximus‚tale.fuit.
998 1053 1087 1126 cum

123 1161 158 1240 in
177 1150 395 1244 Antoninum
417 1161 676 1258 Heliogabalum
692 1161 858 1236 exercitus
882 1163 1088 1253 inclinallet,

124 1271 181 1344 ille
199 1273 307 1370 fugit,
328 1270 488 1370 belloque
510 1271 617 1344 viuus
631 1267 698 1359 est,
714 1274 753 1348 δι
769 1271 900 1348 occisus
911 1272 947 1342 in
967 1273 1088 1345 subur·

123 1372 217 1454 bano
239 1380 435 1484 Bithyniae,
456 1379 522 1452 suis
547 1379 665 1474 partim
690 1380 839 1469 deditis,
850 1382 970 1478 partim
993 1381 1089 1472 occi·

122 1489 190 1578 su,
211 1489 333 1584 partim
355 1487 485 1587 fugatis.
506 1495 553 1561 lta
581 1489 821 1588 Heliogabalus
840 1491 951 1571 clarus
978 1489 1088 1565 reddi·
1132 1499 1134 1507 ’
1232 1495 1235 1502 “

125 1619 183 1672 tus
202 1598 274 1690 est,
288 1597 384 1694 quod
408 1595 579 1672 videretur
600 1599 705 1708 patris
718 1597 900 1674 vindicaffe
916 1622 1088 1698 mortem:
1215 1613 1225 1652 2

125 1731 228 1809 atque
245 1710 325 1784 inde
344 1711 380 1784 in
400 1710 580 1810 itiaperium
605 1710 727 1800 venit,
753 1711 846 1810 quod
869 1710 1089 1788 dedecoravit

125 1820 218 1897 vitiis
236 1819 447 1920 ingentibus,
465 1819 619 1925 luxuria,
632 1818 862 1916 turpitudine,
877 1818 1087 1920 abliguritio·

124 1953 189 2018 ne,
209 1927 385 2026 superbia,
397 1926 626 2007 immanitater
643 1927 702 2022 qui
720 1929 759 2008 &
773 1927 842 2025 ipse
856 1927 996 2000 fimilem
1015 1925 1088 2000 exi-

124 2054 198 2116 tum
220 2036 301 2110 vitre
325 2037 391 2116 sue
411 2035 549 2112 sortitus
568 2037 626 2108 est.
643 2037 726 2112 Haec
745 2035 787 2108 de
804 2036 963 2111 Macrino
987 2037 1088 2108 nobis

124 2145 200 2220 sunt
218 2145 378 2244 cognita,
393 2144 506 2218 multis
518 2145 630 2243 aliqua
645 2141 876 2230 variantibus,
892 2160 929 2216 ut
943 2143 1088 2254 sehabet

124 2258 240 2335 omnis
260 2257 417 2330 historia:
436 2281 513 2354 quar
526 2257 568 2329 de
593 2255 751 2350 plurimis.
771 2255 936 2339 colledia,
954 2254 1087 2328 Sereni·

18 2397 20 2400 ·
125 2365 187 2444 tati
204 2385 295 2454 ruae,
314 2362 533 2444 Diocletiane
551 2362 720 2462 Auguste,
743 2360 944 2450 detulimus,
959 2359 1039 2458 quia
1053 2378 1087 2436 te

124 2476 287 2580 cupidum
308 2491 462 2554 veterum
475 2477 720 2574 Imperatorum
743 2470 808 2548 effe
826 2468 1065 2573 perspeximus.

489 2835 733 2868 m
