2884 4828
383 333 429 486 ,i
579 386 737 458 Juurr
776 351 1145 456 crprrouru'r

380 553 571 636 honorem,
593 545 694 619 etiam
716 542 876 638 publice,
892 521 1031 616 sexenii
1051 543 1194 630 detulit;
1214 545 1342 618 oduuo

378 659 483 733 aetatis
503 677 596 728 anno
611 654 646 724 in
665 652 833 724 Saliorum
848 651 1029 750 collegium
1046 655 1173 726 retulit.
1188 658 1224 726 in
1238 654 1342 732 Salia·

377 786 415 840 tu
434 791 537 838 omen
555 761 685 858 accepit
698 760 854 856 imperii,
875 785 1022 834 coronas
1044 763 1250 838 omnibusiu
1266 766 1343 859 pul·

377 879 477 952 vinat
499 901 540 948 err
566 897 663 947 more
687 871 912 968 jacientibus:
938 875 1011 948 atiae
1034 874 1107 948 aliis
1133 877 1217 952 locis
1240 879 1343 952 haese·

377 1009 478 1072 runt;
493 984 616 1077 hujus,
637 986 733 1057 velut
754 1011 855 1058 manu
869 1038 881 1075 ,
897 985 999 1081 capiti
1020 988 1136 1059 Martis
1156 1007 1267 1084 aptata
1284 989 1341 1062 est.

375 1099 451 1174 Fuit
464 1097 498 1168 in
514 1121 558 1169 eo
578 1096 767 1171 sacerdotio
785 1099 823 1170 δι
844 1097 1036 1192 praesu1,&
1052 1117 1167 1186 vates,
1185 1101 1222 1173 δι
1238 1099 1340 1197 magi·

375 1208 505 1295 sser3&
518 1207 643 1280 multos
654 1207 869 1306 inauguravit
881 1206 1223 1304 atqueexauguruv'ir‚
1235 1208 1341 1280 nemi·

376 1345 423 1392 ne
443 1338 631 1416 preeunte,
647 1335 741 1416 quod
764 1317 832 1415 ipse
859 1319 1007 1393 carmina
1029 1319 1146 1391 cunda
1167 1316 1343 1392 didiciffer.
1405 1411 1406 1416 Ἰ

375 1427 517 1500 Virilem
542 1448 656 1524 rogam
679 1426 790 1498 sumsit
811 1427 1071 1525 quintodecimo
1095 1425 1200 1500 aeratis
1224 1451 1340 1514 anno,

271 1577 273 1582 ·
374 1538 551 1631 diatimque
570 1537 602 1608 ei
623 1537 718 1612 Lucii
737 1533 874 1627 Ceionii
896 1536 1085 1608 Commodi
1110 1534 1176 1608 filia
1195 1536 1341 1633 despon-

374 1648 441 1722 sata
466 1646 537 1732 est,
561 1669 606 1716 ex
630 1645 793 1716 Hadriani
809 1621 1008 1737 ‘v'osuntate
1030 1647 1104 1719 Nec
1127 1646 1236 1718 multo
1264 1647 1340 1742 post

373 1752 548 1854 praefedius
574 1751 731 1826 feriarum
754 1753 946 1826 Latinarum
966 1753 1040 1827 fuir.
1059 1753 1095 1825 in
1115 1779 1186 1850 quo
1196 1755 1339 1829 ,honore

372 1862 618 1962 preclariffime
636 1861 669 1950 se
693 1886 759 1958 pro
780 1861 1026 1960 magistratibus
1049 1883 1221 1960 agentern,
1242 1867 1279 1939 δι
1301 1866 1338 1936 in

371 1972 547 2050 conviviis
557 1971 720 2075 Hadrirrni
734 1970 899 2070 Principis
911 1972 1069 2047 ostendit.
1084 1972 1161 2045 Post
1175 1974 1263 2066 hoc,
1279 2000 1337 2068 pa·

371 2082 571 2162 trunonium
593 2100 771 2176 paternum
794 2082 905 2156 sorori
924 2103 1038 2156 totum
1061 2085 1234 2158 concedit.
1258 2111 1338 2158 cum

371 2215 449 2266 eum
474 2191 515 2270 ad
532 2189 733 2262 divisionem
750 2209 858 2266 mater
880 2208 1046 2281 vocaret,
1063 2191 1260 2285 respondit,
1280 2199 1337 2264 aui

275 2345 278 2356 ·
370 2309 464 2378 horris
477 2307 514 2397 [ι
538 2299 592 2401 effe
607 2325 808 2404 contentum:
832 2300 977 2390 addens,
995 2297 1031 2374 ur'
1048 2300 1259 2401 &mater,fi
1269 2309 1335 2375 rel-

370 2423 431 2500 Ier,
455 2419 491 2485 in
502 2416 640 2507 sororem
652 2415 751 2506 suum
779 2404 1010 2506 potiimonium
1031 2412 1198 2502 conferret,
1216 2441 1255 2483 ne
1284 2421 1334 2486 in·

365 2522 558 2622 feriorrffet
575 2525 672 2616 soror
690 2525 814 2594 marito.
835 2520 909 2594 Fuit
929 2538 1037 2593 autent
1061 2543 1101 2592 ea
1119 2520 1201 2593 vitae
1220 2519 1333 2594 indul·
1423 2611 1424 2623 ἵ

368 2629 499 2727 gentio,
520 2651 557 2702 ut
576 2647 756 2728 cogeretur
773 2652 1022 2725 nonnunquam
1043 2627 1100 2701 vel
1120 2627 1155 2699 in
1175 2627 1333 2703 venatio·
1421 2677 1423 2730 j

368 2763 428 2810 nes
449 2763 605 2834 pergere,
619 2739 676 2810 vel
694 2740 730 2810 in
750 2741 919 2812 theatrum
941 2737 1165 2823 descendere,
1185 2738 1244 2810 vel
1263 2737 1332 2835 spe·
1420 2749 1422 2825 i

368 2847 505 2918 &aculis
531 2845 693 2920 intereffe.
716 2848 867 2942 Operam
888 2865 1049 2941 praererea
1074 2847 1248 2944 pingendo
1272 2847 1331 2921 sub

366 2955 524 3054 magistro
549 2956 729 3052 Diogneto
751 2956 854 3028 dedit.
878 2956 1013 3028 Amavit
1035 2956 1250 3054 pugilatum,
1277 2957 1329 3030 lu·
1416 2979 1418 3028 t

367 3064 531 3164 domina,
549 3066 586 3137 δι
601 3063 754 3150 cursum,
771 3066 1026 3160 &aucupatus,
1039 3067 1076 3138 δι
1096 3065 1165 3160 pila
1185 3061 1261 3138 lufir
1274 3090 1328 3164 ap·

366 3172 497 3267 prime,
517 3174 553 3245 δι
572 3183 715 3244 uenatus
738 3171 795 3244 ed.
815 3172 880 3244 Sed
899 3173 942 3244 ab
961 3173 1119 3249 omnibus
1140 3173 1194 3248 his
1215 3175 1328 3248 inten-

365 3277 520 3351 tionibus
533 3278 676 3350 iiudium
687 3303 765 3350 eum
782 3279 1005 3377 philosophiae
1019 3280 1178 3372 abduxit,
1191 3279 1327 3378 serium·

365 3411 433 3485 que
451 3391 487 3462 &
500 3413 636 3485 gravem
656 3389 821 3479 reddidit,
837 3415 909 3462 non
925 3410 1037 3464 tamen
1050 3389 1186 3486 prorsus
1203 3390 1326 3464 abolita

364 3494 401 3567 in
422 3521 465 3570 eo
489 3498 668 3574 comitate:
689 3525 787 3596 quam
812 3500 983 3595 precipue
1011 3500 1076 3575 suis
1101 3521 1185 3572 mox
1212 3500 1325 3573 amicis

365 3628 467 3703 arque
487 3610 587 3680 etiam
604 3611 714 3682 minus
730 3611 822 3681 noris
840 3611 1041 3700 exhibebat,
1054 3637 1131 3687 cum
1149 3611 1237 3709 frugi
1248 3612 1325 3708 effer

364 3717 433 3789 fine
448 3719 664 3796 coutumacia
673 3769 686 3808 ,
704 3722 919 3799 verecundus
931 3723 1000 3798 fine
1016 3722 1172 3824 ignavia,
1184 3721 1254 3799 stne
1267 3721 1322 3795 rri-

248 3859 249 3864 ’
361 3823 448 3936 stitio
469 3827 593 3925 gravis.
