2856 4824
149 253 590 420 AtnxAuuuu
622 247 945 379 suvunus
977 328 1043 406 303

74 413 231 530 cendum
254 455 319 528 dati
342 453 493 542 filerunt,
512 481 588 529 eum
613 457 791 531 occidilse·
809 457 909 532 multi
932 460 1067 536 aliter:

74 591 99 638 a
118 563 284 636 militibus
303 583 434 653 tamen,
455 562 615 650 constas}¹
625 589 701 638 cum
721 565 885 660 injuriose
902 569 1021 664 quali
1011 595 1048 642 rn

11 733 13 762 ,
75 695 227 768 puerunt
237 673 406 760 eundem,
423 677 460 748 δι
481 692 621 752 matrem
645 671 715 766 ejus
737 667 870 750 avaram
892 679 930 750 bc
950 677 1049 774 cupi-

12 877 13 880 *
73 783 183 869 dam,
197 782 532 882 mulradixillent.

12 891 19 930 Ψ
135 894 209 967 LX.
231 875 533 990 imperavitannis
557 893 739 984 tredecim,
760 850 885 968 diebus
906 920 1059 972 novem.¹

22 1023 25 1030 ·
76 1001 187 1074 Vixit
203 1003 298 1076 annis
312 1003 430 1101 viginti
444 1025 593 1090 novem,
596 1003 776 1082 mensibus
793 1002 918 1094 tribus,
931 1005 1049 1082 diebus

11 1123 13 1134 '
50 1202 53 1209 Ι
76 1111 223 1208 septem.
244 1113 321 1211 Egit
343 1113 456 1188 omnia
477 1129 521 1198 'ex
544 1105 689 1188 confilio
711 1112 851 1202 matris,
879 1140 956 1190 cum
982 1143 1050 1216 qua

78 1220 220 1296 occisus
240 1223 299 1297 est
320 1224 445 1298 Omina
464 1221 583 1297 mortis
604 1225 677 1297 haec
704 1222 849 1298 fuerunt
873 1225 962 1297 Cum
987 1251 1050 1300 na·
1122 1285 1135 1312 „

77 1328 188 1404 talem
206 1331 296 1406 diem
320 1333 602 1419 commendaret,
618 1331 726 1406 hostia
750 1353 887 1406 cruenta
908 1333 1050 1431 effugit,
1144 1366 1148 1372 ·
1225 1325 1226 1330 ¹

79 1439 148 1528 δι,
169 1442 262 1514 urse
281 1441 430 1524 civiliter
454 1444 618 1540 gerebat,
641 1467 681 1516 ac
708 1441 894 1538 permixtus
916 1443 1050 1539 populo
1159 1448 1160 1454 ’

79 1570 178 1640 erat,
201 1551 351 1638 albam
323 1577 393 1646 ejus
402 1554 532 1628 vellem
547 1606 558 1642 ,
571 1577 648 1626 cum
662 1577 729 1650 qua
742 1552 957 1643 constiterat,
971 1579 1049 1627 cru·
1085 1569 1088 1576 '

79 1659 232 1758 entavit.
261 1661 424 1736 Laurus'
415 1689 451 1736 in
478 1662 607 1737 Palatio
634 1660 804 1784 cujusdam
834 1661 1050 1753 civitatis,a

79 1783 155 1864 qua
169 1769 448 1864 proficiscebatur
467 1771 509 1844 ad
530 1770 867 1868 bellum,1ngens&
890 1771 1051 1869 antiqua,
1156 1831 1157 1838 ,

81 1893 163 1946 tota
184 1875 296 1952 subito
316 1879 452 1954 decidit.
471 1880 620 1985 Arbores
634 1877 688 1954 fici
703 1899 789 1971 tres,
806 1905 882 1978 quae
899 1878 982 1955 ficus
995 1908 1050 1958 eas
1171 1889 1172 1894 ’
1234 1909 1238 1917 ·

81 1983 239 2076 ferrent,
253 1988 448 2086 quibusl
397 1995 691 2062 Aexandnnamm
707 2013 831 2062 nomen
844 1989 916 2080 est
936 1991 1050 2065 subito
1084 2041 1103 2073 „
1169 2061 1170 2064 ,

80 2113 164 2166 ante
178 2094 268 2169 illius
283 2095 467 2171 tentorium
489 2095 707 2196 deciderunt,
724 2121 800 2172 curn
821 2101 970 2170 tentoria
984 2099 1049 2173 im·

54 2291 57 2296 .
80 2206 257 2302 peratoria
280 2205 331 2278 his
355 2229 488 2279 annexa
510 2205 623 2278 ellent.
650 2204 773 2300 Mulier
799 2207 925 2282 Druias
953 2210 1049 2283 eunti

80 2307 290 2406 exclamavit
314 2315 452 2390 Gallico
477 2314 650 2405 sermone,
663 2311 808 2404 ¹Vadas,
823 2344 877 2388 nec
893 2317 1050 2392 sidoniam

76 2427 204 2517 speres,
224 2455 279 2498 nec
291 2452 319 2498 te
333 2429 430 2500 militi
447 2453 501 2500 tuo
520 2433 637 2502 credas.
650 2426 817 2498 Tribunal
832 2426 998 2518 ascendit,
1012 2445 1052 2501 ut

33 2602 36 2607 .
80 2535 423 2624 concionaretur,&
443 2537 584 2611 faustum
604 2536 731 2636 aliquid
754 2535 961 2614 dicerettita
975 2563 1050 2612 coe·

82 2645 162 2740 pit,
190 2647 301 2740 Occtst)
314 2640 499 2742 Imperatore
515 2652 737 2744 Heliogabalo.
757 2648 824 2721 hoc
839 2639 949 2722 tamen
963 2651 1049 2722 omi·
1076 2670 1078 2674 ’

81 2752 123 2824 ni
153 2751 243 2841 fuit,
267 2754 363 2852 quod
388 2757 496 2832 iturus
521 2758 563 2828 ad
590 2756 739 2845 bellum,
766 2754 1050 2855 militestalloqui
1112 2808 1116 2822 ·

62 2861 201 2940 -minus
223 2861 326 2935 fausta
347 2865 504 2940 oratione
524 2883 747 2961 coeptaverat.

137 2969 227 3041 LXl.
248 2972 312 3042 Sed
325 2972 398 3046 haec
414 2975 530 3048 omnia
550 2969 837 3048 ¹vehementillime
846 2975 1050 3052 contemsit:

74 3077 323 3178 ,profectisque
346 3083 391 3155 ad
415 3084 566 3176 bellum,
587 3085 623 3156 in
646 3084 728 3156 loco
758 3083 856 3180 supra
884 3085 975 3158 diuo
1003 3084 1050 3158 ita

78 3189 223 3266 ,occisus
249 3192 507 3267 est.'l'randerat
529 3193 620 3270 forte
643 3195 805 3292 publico,
833 3185 1023 3269 ut'solebat
1038 3201 1060 3286 ,'

85 3297 289 3391 convivio,
309 3303 356 3375 id
365 3303 413 3376 est
424 3307 572 3402 ,apertis
590 3305 843 3403 papilionibus,
866 3307 944 3382 cibo
958 3305 1049 3391 mili·

53 3428 56 3433 “
83 3411 153 3484 tari
181 3432 344 3509 accepto,
370 3413 508 3514 (neque
532 3415 622 3514 enirn
643 3416 771 3490 aliuda
798 3413 1052 3490 discutientibus
1113 3431 1115 3434 ’

19 3589 20 3592 ,
85 3519 281 3592 militibus
272 3547 308 3592 rn
331 3523 486 3596 tentoriis
506 3522 553 3596 est
575 3521 771 3622 repertum)
796 3527 834 3596 δι
851 3547 928 3594 cum
951 3522 1049 3620 quie·

87 3630 196 3702 sceret
221 3629 322 3724 post
318 3630 549 3722 convivium,
575 3634 659 3704 hora
684 3633 750 3705 diei
778 3629 848 3702 fere
878 3630 1049 3726 septima,

87 3761 177 3822 unus
204 3761 248 3812 ex
270 3737 469 3833 Germanis,
491 3763 551 3836 qur
540 3739 756 3815 scurrarum
779 3713 930 3816 officium
955 3735 1049 3821 susti,
1097 3823 1100 3828 ι
1153 3844 1156 3853 Ι
1256 3781 1259 3789 ,
