2856 4824
212 279 603 357 uuuxuuuaa
638 281 922 360 severus
996 285 1069 390 287

86 469 276 541 nunquam
290 443 423 532 induit,
436 442 634 516 subsericam
647 465 819 540 nunquam
834 445 985 523 donavit.
999 449 1065 522 Di·

85 553 196 628 vitiis
223 553 349 626 nullius
371 551 508 627 invidis
538 571 700 652 pauperes
722 552 824 646 juvit.
852 555 1067 650 honoratos,'

85 691 192 763 quos
209 681 371 764 pauperes
391 689 495 756 vere,
513 689 586 768 nnn
605 690 664 762 per
687 664 871 757 luxuriam,
890 688 949 743 aut
967 669 1067 742 snmus

86 775 264 850 lationem
297 777 405 866 uidit,
431 775 559 868 semper
591 775 705 865 multis
732 777 922 852 commodis
938 780 1065 875 auxit,

87 884 206 982 agris,
222 883 326 958 servis
336 937 349 971 ,
361 881 561 956 animalibus
571 933 582 970 ,
593 881 750 979 gregibus
760 935 772 972 ‚
783 881 1002 984 ferramentis
1009 914 1065 962 ru·

87 991 200 1066 uicis.
222 995 259 1064 ln
281 989 442 1065 thesauris
459 988 584 1062 vestem
603 1012 774 1085 nunquam
795 991 855 1063 nisi
871 1015 996 1066 armum
1016 994 1066 1068 es·

88 1099 129 1173 se
150 1101 257 1197 passus
273 1103 338 1190 est,
359 1123 501 1197 eamque
514 1095 621 1172 slatim
640 1100 786 1194 expendi
800 1099 899 1192 juffit.
914 1105 1063 1182 Omnem

90 1209 254 1302 vellem,
273 1235 372 1309 quant
396 1207 561 1298 donavit,
581 1206 650 1302 ipse
671 1207 861 1305 perspesit:
875 1201 980 1286 omne
1001 1239 1066 1291 au·

90 1343 194 1409 rum,
220 1345 322 1394 omne
348 1336 545 1418 argentum,
569 1315 670 1414 idque
695 1317 908 1418 frequenter,
934 1345 1066 1421 appens

90 1428 168 1526 din,
182 1429 340 1503 Donavit
354 1431 393 1504 &
408 1451 548 1514 ocreas,
561 1427 606 1506 bc
621 1426 779 1520 braccas,
794 1431 830 1503 δι
851 1431 1062 1508 calceamen-

89 1553 129 1610 ta
157 1536 246 1612 inter
272 1537 469 1612 vestimenta
494 1533 661 1624 militaria.
686 1536 846 1632 Purpurae
877 1538 1062 1616 clarissimas

89 1670 173 1720 non
187 1650 229 1723 ad
245 1649 338 1722 usum
354 1649 465 1738 suum,
481 1648 536 1722 sed
552 1648 595 1718 ad
609 1665 859 1741 matronarum,
872 1651 897 1724 st
910 1678 988 1752 quae
1003 1673 1062 1729 aut

91 1757 253 1853 pollent,
272 1755 332 1832 aur
345 1760 494 1849 vellent,
510 1776 601 1834 certe
619 1759 661 1831 ad
680 1759 916 1852 vendendum,
930 1765 1060 1862 gravis·
1178 1831 1184 1839 .

91 1867 202 1940 simus
218 1869 358 1955 exaslor
375 1868 457 1942 suit:
476 1867 522 1942 ita
542 1885 580 1941 ut
599 1873 826 1942 Alexandrina
834 1899 976 1968 purpura
995 1875 1061 1946 ho·

92 1974 222 2073 dieque
242 1976 389 2065 dicatur,
401 2002 478 2072 quae
497 1978 605 2072 vulgo
620 1980 782 2049 Probiana
801 1978 942 2066 dicitur,
956 1983 1061 2056 idcir-

91 2083 260 2182 eoquod
284 2085 443 2158 Aurelius
464 2086 594 2156 Probus
622 2085 755 2178 baphiis
779 2089 1001 2182 praepositus,
1025 2091 1061 2165 id

92 2221 202 2295 genus
213 2195 351 2272 muricis
362 2193 542 2290 reperisset.
552 2194 638 2267 Usus
650 2195 698 2267 est
709 2195 777 2289 ipse
790 2195 968 2294 chlamyde
979 2225 1060 2274 coc·

94 2303 197 2377 cinea
218 2303 315 2399 saepe.
333 2307 371 2375 ln
392 2304 474 2378 urbe
493 2321 604 2375 tamen
623 2301 752 2400 semper
771 2319 904 2402 togatus
926 2304 1005 2394 fuit,
1020 2311 1060 2384 δι

90 2417 133 2491 in
154 2416 256 2490 ltaliae
271 2416 422 2488 urbibus.
434 2417 633 2486 Praetextam
651 2415 687 2486 bt
701 2413 821 2509 pisiam
837 2431 951 2513 togam
965 2442 1059 2489 nun-

93 2552 197 2626 quam
218 2529 278 2602 nisr
300 2527 431 2604 Consul
450 2524 599 2622 accepit:
625 2527 664 2600 &
683 2548 755 2596 eam
776 2523 933 2620 quidem,
954 2551 1056 2622 quam

92 2639 141 2707 de
159 2637 256 2709 lovis
274 2635 404 2733 tem'plo
429 2635 573 2707 sumtam'
589 2635 645 2706 alii
665 2635 1059 2730 quoqueaccipiebant,
1154 2707 1157 2713 .

94 2761 153 2816 aut
162 2745 339 2833 Praetores,
345 2765 401 2817 aut
411 2741 586 2816 Consules.
597 2740 737 2834 Accepit
747 2758 941 2836 ptaetextam
955 2741 1057 2818 etiam

93 2879 176 2927 cum
205 2855 294 2928 sacra
321 2855 469 2943 faceret,
501 2853 555 2926 sed
579 2853 663 2926 loco
689 2849 866 2923 Pontificis
895 2853 1055 2946 maximi,

16 3011 18 3016 -
91 2987 170 3036 non
193 2966 416 3061 Imperatoris.
438 2965 527 3038 Boni
549 2961 753 3036 linteaminis
778 2964 949 3059 appetitor
971 2965 1057 3054 fuit,

90 3078 134 3148 &
148 3071 282 3168 quidem
297 3077 392 3168 puri,
404 3076 537 3166 dicens,
548 3083 588 3148 Si
601 3081 683 3148 linea
699 3077 915 3167 idcircosunr,
928 3102 963 3148 ut
974 3080 1060 3150 nilis

92 3185 236 3277 asperum
254 3173 406 3270 habesne,
424 3187 502 3277 quid
516 3210 594 3278 opus
607 3188 647 3286 cst
658 3187 826 3277 purpura?
841 3186 876 3257 in
892 3187 979 3258 linea
993 3211 1055 3256 au·
1077 3208 1079 3211 ’

91 3313 162 3366 tem
183 3317 299 3364 aurum
318 3293 427 3383 mitti,
445 3292 544 3366 etiam
560 3295 761 3365 dementiam
778 3293 962 3386 judicabat,
975 3320 1052 3369 cum

92 3402 259 3498 asperitati
279 3405 578 3504 adderetur'rigor.
604 3405 721 3478 Fasciis
743 3397 874 3500 semper
893 3405 969 3476 usus
994 3405 1054 3480 ell.
1089 3485 1092 3490 ¹

93 3515 232 3588 Braccas
251 3514 342 3588 albas
361 3517 497 3609 habuit,
514 3542 587 3590 non
609 3518 808 3611 coccineas,
827 3540 864 3592 ut
884 3517 976 3615 prius
995 3518 1053 3590 so·

91 3621 217 3696 lebam.
556 3649 559 3656 ·

140 3730 229 3804 XLI.
248 3732 468 3812 Gemmatum
485 3733 581 3834 quod
596 3731 676 3836 suit!
691 3719 916 3832 renuidis&
932 3723 1060 3817 aurunt.
