2856 4824
124 435 127 444 ι
200 333 893 454 nrrxnuprrsnvruus
968 365 1035 437 ιμ

76 476 121 563 ab
135 489 208 584 ejus
226 491 328 562 latere
345 489 625 580 submoveretur,
644 469 862 568 ut‘omnibus
884 493 914 568 se
937 495 1038 570 blan·

77 605 160 674 dum
180 600 413 697 affabilemque
431 601 613 696 praeber'et‚
633 621 668 674 ut
689 602 819 677 amicos
838 631 908 676 non
927 607 1038 684 solum
1090 660 1092 665 -

76 712 181 808 primi
200 739 240 788 ac
256 713 392 788 secundi
414 710 501 800 loci,
519 713 689 786 sedetiam
710 712 909 808 inferiores,
929 744 1039 816 aegro·

77 841 186 894 rantes
209 821 401 913 viseret,ut
417 820 478 896 fibi
491 821 533 894 ab
550 823 707 894 omnibus
730 822 855 910 libere,
871 827 1038 924 quasen·
1068 915 1069 920 Ἰ
1145 831 1150 836 ’

77 931 228 1022 ciebant,
247 931 314 1006 dici
335 950 493 1028 cuperet,
515 935 554 1006 δι
576 957 653 1004 curn
673 932 796 1004 diuum
817 933 916 1034 esset,
941 939 1038 1010 audi-

78 1041 201 1126 ret‚&
229 1065 306 1112 cum
328 1041 489 1131 audisset,
503 1039 572 1129 ita,
594 1057 630 1110 ut
653 1064 704 1112 res
727 1013 906 1135 poscebat,
920 1069 1038 1118 emen·

7 1161 9 1168 ’
77 1149 172 1222 daret
188 1164 290 1246 atque
307 1169 517 1250 corrigeret
531 1148 686 1224 srmrnus
703 1151 787 1222 bene
810 1149 931 1226 fadum
957 1156 1036 1230 esset
1116 1201 1123 1218 κ

78 1258 226 1364 aliquid,
245 1259 345 1332 etiam
374 1253 442 1358 ipse
467 1257 707 1348 convinceret,
731 1259 830 1357 idque
859 1263 926 1336 fine
953 1264 1038 1338 fallu

78 1373 117 1445 &
130 1372 199 1443 srne
214 1365 436 1446 amdritudine
450 1371 572 1459 animi;
585 1367 780 1445 consessum
781 1372 939 1446 omnibus
955 1375 1037 1448 sem·

78 1500 170 1572 per
155 1468 319 1551 offerret
301 1496 448 1574 ,praeter
462 1500 541 1566 eos,
557 1500 645 1574 quos
656 1475 822 1550 furtorum
834 1477 968 1584 densior
981 1478 1038 1552 fa·

78 1609 133 1658 ma
154 1567 413 1680 perffrinxerat,
431 1587 473 1658 de
495 1584 683 1658 absentibus
702 1582 844 1681 semper¹
850 1579 1036 1682 requirens.

77 1695 238 1792 Denique
263 1724 339 1774 cum
368 1699 399 1771 ei
426 1691 591 1793 objiceret
615 1694 751 1767 nimiam
780 1695 976 1769 civilitatem
998 1703 1037 1774 δε

77 1809 255 1882 Mammaea
275 1825 400 1897 mater,
421 1807 458 1880 bt
481 1809 568 1880 uxot
593 1803 926 1900 Memmia‚Sulpicii
948 1833 1035 1880 con-

77 1916 192 1989 sularis
208 1916 273 1990 viri
295 1917 386 2007 filia,
405 1917 519 1989 Catuli
543 1915 653 2012 neptis
663 1931 682 2003 ,³
697 1918 735 1990 δι
756 1915 840 2011 saepe
866 1915 1035 2008 dicerent,

77 2032 254 2099 Molliorem
274 2033 331 2120 ribi
354 2029 529 2128 potestatem
553 2023 585 2098 δ’
611 2029 889 2131 contemtibiliorern
916 2031 1037 2121 imperii

70 2139 173 2240 fecisti
181 2164 194 2209 .·
210 2138 266 2209 ille
290 2137 465 2233 respondit¹
476 2188 487 2225 ‚
500 2141 566 2208 Sed
574 2138 758 2244 securiorem
772 2189 784 2222 ,
800 2161 889 2229 atquc
910 2142 1035 2210 diutur-

7 2289 8 2292 ¹
76 2255 204 2320 niorem.
227 2245 310 2319 Dies
335 2245 480 2344 denique
502 2252 673 2367 nunquam
697 2245 848 2336 transiit,
868 2244 950 2341 quin
971 2249 1035 2319 ali·
1107 2294 1114 2312 ,

76 2356 162 2454 quid
181 2355 407 2439 mansuetum,
428 2352 595 2443 civile,
563 2379 657 2450 prum
678 2352 800 2428 faceret
812 2380 824 2440 ;
847 2353 902 2427 sed
912 2355 984 2446 ita,
998 2375 1035 2430 ut

7 2501 8 2510 ¹
76 2465 229 2538 aeratitrm
246 2489 317 2536 non
332 2483 510 2540 evelleres

124 2579 220 2650 XXl.
232 2574 691 2650 Condemnationes&raras
707 2576 770 2648 elle
787 2575 887 2668 jussu,
900 2578 937 2650 &
940 2602 1035 2672 ‚quae
1082 2575 1085 2582 ’

76 2687 168 2760 fauae
192 2685 343 2770 fuerant,
367 2709 439 2759 non
463 2684 610 2758 indulsit.
634 2685 815 2792 Vedligalia
837 2684 1034 2759 civitatibus

75 2799 116 2870 ad
144 2797 298 2892 proprias
326 2793 468 2868 fabricas
500 2794 689 2891 deputavit.
712 2799 838 2866 Foenus
858 2795 1033 2890 publicum

75 2906 284 2996 trientarium
309 2904 482 2992 exercuit,
511 2905 557 2975 ita
580 2924 618 2976 ut
639 2905 841 3000 pauperibus
866 2903 1034 3002 plerisque

7 3081 8 3086 ,
73 3015 145 3104 fine
159 3014 264 3087 usuris
278 3014 435 3108 pecunias
449 3014 577 3088 dederit
589 3015 629 3084 ad
643 3039 742 3112 agros
759 3014 939 3100 emendos,
956 3015 1043 3108 red-¹
1058 3043 1061 3048 ’

73 3127 198 3199 dendas
218 3126 259 3196 de
277 3124 449 3198 frutribus.
475 3124 642 3199 Praeseslis
663 3126 826 3220 praetorio
852 3125 915 3197 suis
936 3114 1033 3198 sena·

72 3237 199 3306 coriam
222 3232 351 3306 addidit
371 3233 584 3330 dignitatem,
605 3252 642 3304 ut
665 3232 729 3305 viri
747 3232 913 3306 clarissimi
931 3235 967 3305 dt
982 3231 1031 3306 es·

71 3345 166 3432 sent,
179 3349 216 3418 δι
232 3345 440 3417 dicerenturr
457 3342 551 3440 quod
567 3363 664 3414 antea
680 3344 734 3416 vel
749 3367 825 3414 raro
838 3343 962 3436 fuerat,
974 3339 1032 3414 vel
1101 3424 1104 3429 ,
1199 3437 1202 3445 ¹

71 3455 219 3528 omnino
243 3482 314 3526 non
339 3455 468 3542 fuerat,
492 3453 658 3550 eousque,
683 3474 720 3526 ut
744 3453 767 3524 st
788 3453 862 3552 quis
882 3455 1030 3544 Impera·

71 3583 185 3638 torum
209 3563 424 3638 successorem
448 3564 606 3637 Praefeslo
629 3564 779 3660 praetorii
807 3565 881 3633 dare
905 3559 1030 3650 vellet,

71 3676 274 3748 laticlaviam
300 3675 409 3747 eidem
432 3701 491 3770 per
509 3677 663 3747 libertum
682 3673 906 3756 submitteret,
927 3689 967 3742 ut
992 3671 1029 3744 in
1140 3723 1144 3740 .

71 3784 257 3862 multorum
285 3782 357 3860 vita
380 3781 507 3858 Marius
526 3781 694 3857 Maximus
715 3780 812 3858 dixit.
835 3777 1028 3882 Alexander
