2856 4824
379 301 462 374 302¹
540 275 1197 388 attrutstunrutr

377 436 572 514 ducibus&
584 436 747 538 militibus
762 436 928 526 donavit,
945 438 991 512 ita
1011 457 1050 512 ut
1068 463 1190 512 eorum
1216 437 1263 511 ita
1290 437 1347 513 es·
1395 509 1396 522 ,

376 547 518 638 sent,s1
538 547 676 624 heredes
700 547 838 622 illorum
866 547 1075 636 militarent,
1101 573 1163 622 nec
1190 574 1344 645 unquam
1395 569 1396 600 ³

376 662 421 735 ad
433 660 584 756 priuatos
598 658 822 755 pertinerem
836 659 972 749 dicens,
986 664 1138 732 ursarius
1154 687 1206 732 eos
1220 666 1344 732 milita·
1394 605 1396 758 i

376 791 484 859 utros,
494 768 533 868 st
542 772 636 840 teiam
647 770 715 863 sua
732 797 805 840 rura
818 767 1024 860 defenderent.
1044 767 1181 840 Addidit
1199 766 1276 841 sane
1292 769 1345 840 his
1395 781 1396 784 ’

377 879 418 952 &
433 879 588 952 animalia
603 879 641 952 dt
658 877 776 952 servos
789 932 800 964 ,
815 899 851 950 ut
870 877 1001 973 pollent
1019 878 1150 966 colere,
1173 879 1272 976 quod
1285 877 1361 953 aci

376 1005 619 1081 ceperanttne
635 1012 694 1086 per
712 986 863 1084 inopiam
882 988 1079 1076 hominum,
1100 988 1153 1060 sel
1169 1013 1229 1083 per
1249 988 1345 1060 sene·

285 1181 290 1187 ,
376 1096 501 1190 &utem
522 1094 760 1192 possidentium
783 1096 1013 1170 desererentur
1031 1123 1109 1172 rura
1129 1095 1245 1172 vicina
1268 1095 1344 1168 bar·

376 1201 500 1290 bariae,
513 1205 607 1301 quod
622 1205 845 1302 turpiffimum
861 1206 917 1278 ille
931 1206 1085 1280 ducebat.
1207 1210 1211 1215 ’

378 1379 382 1388 ,
438 1313 525 1386 LlX.
543 1311 620 1387 Poll
635 1314 707 1388 haec
728 1338 805 1387 cutn
831 1310 959 1412 ingenti
977 1339 1093 1388 amore
1116 1313 1205 1411 apud
1225 1337 1342 1409 popu·

376 1418 448 1494 lum
471 1417 509 1494 bt
529 1422 687 1494 Senatum
710 1420 862 1511 viveret,
878 1425 915 1497 δι
938 1421 1144 1519 sperantibus
1161 1421 1342 1494 visloriam

376 1532 528 1616 cunflis,
546 1531 584 1605 δι
607 1528 726 1606 invitis
747 1555 824 1606 eum
849 1531 1114 1620 dimittentibus,
1136 1531 1177 1604 ad
1199 1533 1342 1604 Germa·

274 1666 279 1674 ’
377 1641 493 1716 tticum
520 1639 645 1714 bellum
667 1639 837 1736 profeslus
861 1642 927 1730 eli,
954 1641 1196 1717 deducentibus
1214 1637 1341 1712 cunetis
1395 1639 1396 1678 ³

294 1845 300 1854 ι
376 1767 587 1854 parcentum
604 1750 642 1823 dt
657 1749 901 1848 quinquaginta
913 1750 1027 1823 millia.
1042 1752 1120 1824 Erat
1132 1768 1244 1822 autem
1265 1773 1339 1846 gra·

377 1859 546 1932 vissimum
573 1857 786 1952 reipublice,
806 1882 905 1955 atque
928 1857 1007 1955 ipsi,
1027 1857 1118 1956 quod
1141 1861 1338 1958 §ermano-
1395 1855 1396 1936 Ϊ

376 1991 451 2040 rum
474 1964 713 2040 vastationibus
731 1965 839 2040 Gallia
860 1965 1087 2063 diripiebatur.
1103 1965 1337 2064 pudoremque

379 2075 545 2176 augebat,
562 2077 677 2174 quod,
693 2075 788 2150 vislis
810 2075 876 2171 jam
897 2077 1045 2166 Parthis,
1059 2102 1098 2151 ea
1118 2076 1213 2149 natio
1226 2074 1338 2148 immi·

376 2189 479 2260 nebat
492 2186 684 2284 reipublice
706 2185 915 2272 cervicibus,
930 2195 1007 2285 que
1023 2187 1149 2284 semper
1163 2185 1263 2260 etiam
1279 2182 1337 2256 nti·

255 2381 259 2388 Ι
377 2295 527 2369 nusculis
546 2296 816 2390 imperatoribus
843 2293 982 2391 subjesla
1002 2297 1191 2371 videbatur.
1214 2292 1338 2391 magnis
1395 2303 1396 2396 l

376 2404 485 2504 igitur
513 2403 710 2496 itineribus,
739 2404 824 2478 laetis
855 2405 1040 2496 militibus,
1063 2405 1251 2480 contendit.
1278 2403 1338 2475 Sed
1395 2399 1396 2468 l

376 2539 457 2588 cum
473 2509 522 2587 ibi
535 2539 675 2611 quoque
690 2512 859 2588 seditiosas
873 2515 1024 2612 legiones
1037 2515 1270 2612 comperisset,
1284 2513 1337 2586 ab·
1395 2599 1396 2616 χ

375 2623 436 2720 jici
457 2649 512 2698 eas
533 2624 704 2721 precepit.
723 2627 851 2698 Verum
866 2624 1052 2700 Gallicane
1072 2646 1219 2708 mentes,
1236 2635 1274 2698 ut
1294 2624 1336 2696 se·

336 2745 339 2750 '
376 2730 411 2803 se
433 2731 580 2822 habent,
601 2733 693 2844 dura
718 2757 757 2810 ac
776 2733 998 2832 retrogradae,
1020 2738 1057 2810 dt
1084 2733 1169 2830 saepe
1193 2737 1335 2830 Impera·

265 2919 273 2939 „
376 2839 514 2914 toribus
537 2865 676 2940 graues,
703 2841 914 2916 severitatem
939 2843 1093 2939 *hominis
1111 2843 1277 2932 nimiam,
1302 2844 1337 2914 δι

375 2952 480 3052 longe
501 2953 664 3050 majorem
692 2955 768 3053 post
791 2955 1065 3052 Heliogabalum,
1086 2978 1159 3026 uon
1182 2954 1336 3027 tulerunt.
1395 2957 1396 2976 ³

376 3061 539 3158 Denique
559 3083 710 3161 agentem
737 3089 814 3136 eum
842 3091 919 3138 cum
947 3064 1063 3160 paucis
1086 3063 1120 3134 in
1149 3061 1337 3152 Britannia,

272 3185 276 3190 “
376 3188 416 3244 ut
436 3168 495 3242 alii
516 3172 667 3260 uolunt,
690 3171 726 3244 in
750 3171 861 3257 Gallia
885 3170 921 3246 in
952 3169 1131 3261 uico,cui
1155 3169 1255 3243 Sicila
1273 3195 1336 3240 no·
1395 3185 1396 3252 l

341 3281 345 3288 ’
377 3304 457 3353 men
481 3277 550 3369 est,
575 3303 647 3352 non
672 3305 715 3353 ex
734 3281 887 3364 omnium
918 3279 1098 3366 sententia,
1122 3279 1178 3352 sed
1202 3279 1336 3352 latroci-

376 3387 531 3464 nantium
548 3391 655 3462 modo
670 3389 803 3488 quidam
815 3390 960 3480 milites,
977 3392 1015 3462 δι
1030 3389 1064 3460 hi
1078 3389 1269 3486 precipue,
1282 3386 1336 3484 qui
1395 3447 1396 3464 r

377 3495 590 3594 Heliogabali
619 3499 764 3593 praemiis
797 3498 1038 3586 effloruerant,
1074 3520 1154 3569 eum
1187 3496 1335 3568 severum

377 3595 567 3703 Principem
587 3607 654 3704 pati
674 3633 745 3682 non
769 3608 920 3704 possent,
935 3608 1146 3682 occiderunt.
1164 3605 1266 3678 Multi
1289 3603 1336 3678 di·

369 3737 480 3812 cunt,
491 3741 512 3791 a
524 3719 715 3820 Maximino
735 3719 899 3797 immissos
912 3717 1174 3818 tirones,quiei
1189 3719 1231 3793 ad
1245 3732 1336 3798 exera
