2782 4814
225 283 239 308 ¹
327 347 374 425 24
480 325 652 406 ΜΗ
699 330 1131 404 susurrant

326 523 379 574 res
400 461 614 594 peromnem
633 498 759 598 ltaliam
779 497 907 594 judices
928 498 1110 574 constituit.
1131 501 1284 596 Quando

328 607 365 681 in
387 605 534 682 Africam
556 606 674 696 venit,
694 609 735 680 ad
764 609 946 682 adventum
966 607 1062 702 ejus,
1088 611 1163 707 post
1185 611 1286 708 quin·

326 718 510 816 quennium
520 717 733 816 pluiraatque
743 718 821 791 ideo
832 718 874 792 ab
888 717 1057 794 Africanis
1067 719 1206 792 dileflus
1216 717 1275 794 est.

370 829 496 922 XXlsb
509 827 690 926 Peragratis
705 828 780 900 sane
792 828 953 902 omuibus
963 827 1057 902 orbis
1070 828 1219 922 parribus
1230 853 1287 901 ca·

327 936 399 1032 pite
411 937 524 1027 nudo,
542 941 580 1011 ἂ
593 939 630 1010 in
644 937 781 1014 summis
794 939 990 1038 plerumque
1005 938 1170 1012 imbribus
1185 957 1288 1036 atque

330 1043 536 1143 frigoribus,
557 1047 592 1118 in
614 1049 772 1122 morbum
800 1048 920 1123 incidit
942 1047 1096 1122 letalem:
1121 1046 1290 1143 fastusque

328 1153 370 1228 de
382 1153 563 1229 successore
584 1149 765 1248 sollicituS,
781 1157 928 1254 primum
949 1159 990 1232 de
1010 1155 1291 1252 Serviano‘c'ogii

160 1360 163 1368 f
195 1241 196 1258 ¹
294 1301 296 1304 ·
328 1259 433 1345 tavit,
448 1286 547 1360 quern
569 1265 700 1361 postea,
716 1285 753 1340 ut
774 1265 941 1353 diximus,
962 1265 1051 1338 mori
1073 1263 1205 1362 coegit:
1221 1267 1290 1341 siu-2

328 1369 440 1462 scum,
461 1376 556 1471 quod
577 1375 755 1472 imperium
765 1375 1012 1476 ,prasagiisdc
1030 1371 1168 1448 ostentis
1181 1373 1289 1468 agita·
1356 1417 1358 1420 -

328 1497 408 1572 tus,
431 1482 596 1579 speraret,
612 1485 648 1557 in
670 1485 798 1558 summa
817 1484 1035 1557 detestatione
1050 1481 1165 1554 habuit
1178 1509 1186 1554 ε
1201 1482 1290 1552 Pte-¹

328 1589 456 1661 torium
478 1593 670 1686 Nepotem,
689 1614 791 1690 quem
812 1609 987 1687 tantopere
1001 1605 1078 1663 ante
1097 1589 1234 1680 dilexit,
1248 1606 1288 1662 ut
1362 1679 1365 1686 λ

330 1694 474 1770 veniens
500 1699 542 1770 ad
562 1711 639 1773 eum
669 1718 888 1797 egrotantem
910 1699 1124 1791 Hadrianus,
1149 1697 1290 1796 impune

328 1827 403 1878 non
426 1806 681 1901 admitteretur,
700 1809 946 1908 suspicionibus
968 1809 1288 1900 adduuus,eodem
1382 1875 1383 1880 ,

316 1914 462 1988 'modos
483 1917 520 1988 δι
541 1916 738 1992 Terentium
763 1919 990 1994 Gentianuur:
1012 1921 1050 1994 dt
1072 1919 1162 1993 hunc
1185 1918 1290 1992 vehe-

328 2023 495 2115 mentius,
517 2027 611 2124 quod
628 2027 775 2101 asenatu
795 2029 887 2127 diligi
905 2047 986 2104 tunc
1007 2028 1153 2102 videbat.
1167 2052 1288 2101 omnes

264 2233 268 2242 1
328 2134 526 2232 postremo,
540 2137 581 2209 de
598 2163 746 2235 quorum
766 2139 911 2236 imperio
933 2140 1116 2240 cogitavit,
1129 2140 1218 2238 quasr
1231 2140 1288 2212 su·

329 2263 428 2320 turos
447 2250 691 2343 Imperatores,
707 2251 886 2325 detestatus
908 2251 965 2324 est.
987 2255 1030 2323 Et
1052 2273 1188 2322 omnern
1209 2249 1288 2344 qui·

328 2355 407 2428 dem
429 2355 498 2430 vim
520 2357 725 2433 crudelitatis
744 2359 904 2459 ingenite
916 2359 1033 2457 ¹usque,
1047 2383 1090 2432 eo
1109 2359 1290 2452 repreffit,

327 2463 443 2541 donec
462 2466 498 2540 in
520 2468 602 2542 villa
615 2469 793 2543 Tiburtina
814 2471 991 2568 profluvio
1008 2468 1174 2566 sanguinis
1190 2493 1290 2563 paene

329 2575 373 2650 ad
395 2573 522 2648 exitum
543 2575 650 2649 uenit.
665 2595 748 2650 tunc
769 2578 872 2652 libere
888 2574 1112 2662 Servi-anum,
1132 2572 1222 2670 quast
1237 2575 1293 2648 af·¹

329 2689 526 2761 sectatorem
545 2687 698 2782 imperii,
719 2689 814 2783 quod
834 2687 939 2761 servis
960 2684 1058 2783 regiis
1075 2709 1208 2758 coenam
1221 2686 1290 2762 mi·:

215 2848 220 2857 -
329 2795 436 2882 sisset,
456 2794 550 2891 quod
573 2793 608 2864 in
629 2792 722 2864 sedili
738 2794 832 2892 regio
854 2795 946 2888 juxta
965 2796 1087 2868 ledum
1108 2795 1220 2891 pofito
1236 2794 1290 2868 sed

328 2891 445 2990 differ,
460 2901 555 2998 quod
571 2901 698 2973 erectus
711 2902 753 2973 ad
772 2901 930 2976 stationes
945 2901 1089 2976 militum
1109 2903 1209 2976 senex
1224 2929 1288 2976 uo·

330 3011 531 3110 nagenarius
559 3009 786 3107 proceffiffet,
807 3011 898 3084 mori
918 3011 1055 3108 coegit:
1082 3012 1195 3086 multis
1215 3012 1289 3084 aliis

329 3119 538 3222 intersedis,
557 3119 613 3193 vel
634 3139 771 3218 aperte,
793 3121 850 3194 vel
876 3147 935 3219 per
956 3121 1088 3194 infidias
1104 3149 1113 3195 s
1132 3122 1289 3218 quando·

223 3261 225 3265 ·
327 3231 462 3330 quidem
478 3229 578 3304 etiam
594 3232 834 3320 Sabinauxor,
847 3258 920 3306 non
939 3231 1007 3305 fine
1031 3230 1141 3304 sabula
1163 3230 1287 3304 veneni

327 3340 397 3415 dati
425 3340 468 3412 ab
494 3341 862 3429 Hadriano,·defuncia
888 3343 944 3416 est.
973 3343 1073 3416 Tunc
1104 3341 1287 3434 Ceionium

176 3473 179 3481 ¹
329 3453 583 3542 Commodum,
598 3452 731 3549 Nigrini
754 3471 934 3552 generum,
957 3451 1157 3524 infidiatoris
1173 3473 1287 3546 quon·

327 3561 406 3633 dam
429 3560 500 3652 sui,
523 3560 632 3634 sorma
652 3562 951 3653 commendatum,
974 3562 1134 3656 adoptare
1160 3556 1287 3632 consti·

327 3672 403 3746 tuit.
431 3672 617 3769 Adoptauit
645 3697 727 3771 ergo
755 3672 939 3764 Ceionium
964 3670 1194 3745 Commodum
1216 3672 1288 3739 Ve-

324 3803 420 3874 tuur,
438 3780 559 3860 invitis
579 3780 765 3856 omuibus:
784 3805 927 3882 cumque
941 3783 1067 3857 AElirrm
1086 3785 1206 3856 Varum·
1219 3783 1287 3860 Cro,¹
