2932 4824
276 347 651 424 turoutuus
689 347 872 422 cart:
998 371 1064 452 205

157 511 274 584 barte
292 511 467 601 Baffiano,
482 510 576 608 quod
594 523 665 582 non
680 499 792 605 gladio
805 533 856 582 tes
872 509 999 604 perada
1017 509 1068 584 stt.

102 535 260 694 ventum
282 622 426 719 denique
448 623 493 694 est
515 622 618 720 usque
647 623 688 692 ad
709 621 906 694 seditionem
932 621 1071 692 urbani·

98 729 284 803 cianorum
310 732 475 821 militum,
494 755 581 828 quos
605 730 740 828 quidem
760 753 831 802 non
855 729 926 802 levi
950 731 1070 803 audio·
1111 819 1112 822 Ἴ

102 837 207 910 ritate
228 840 394 912 Baffianus
414 838 626 936 compreffit,
646 839 784 910 tribuno
798 863 937 927 eorum,
956 858 993 909 ttt
1012 836 1068 908 alii

102 948 247 1038 dicunt,
271 948 473 1033 interfedm
500 969 536 1047 ut
564 947 641 1035 atii,
672 947 832 1044 relegato.
861 947 931 1044 lpse
958 965 1070 1020 autem

96 1073 239 1129 rantum
266 1058 395 1146 timuit,
412 1081 449 1129 ut
470 1057 611 1130 loricam
627 1054 688 1127 sub
708 1054 779 1128 lato
799 1055 929 1128 habens
946 1057 1070 1147 clavo,

104 1165 208 1237 etiam
231 1165 356 1239 curiam
381 1166 422 1237 stt
439 1165 614 1262 ingressus,
642 1183 741 1260 atque
762 1164 807 1236 ita
836 1155 1000 1238 tationem
1019 1167 1071 1240 fa·

103 1273 153 1348 &i
169 1274 220 1360 sui¹
231 1279 268 1346 &
282 1275 373 1346 necis
384 1274 514 1346 Geticae
529 1273 721 1346 reddiderit.
741 1274 824 1365 Quo
836 1275 972 1370 quidem
988 1297 1070 1352 tem·
1123 1307 1125 1314 ·

106 1407 199 1478 pore
217 1381 362 1454 Helvius
380 1380 561 1466 Pertinax,
587 1382 646 1479 qui
676 1381 789 1489 postea
815 1381 862 1454 est
885 1385 1086 1461 abeodem-

106 1493 267 1565 Baffiano
291 1491 508 1583 interemtus,
529 1492 681 1566 recitanti
701 1493 856 1568 Faustino
879 1497 1073 1590 praetori&

107 1591 256 1687 dicenti,
270 1603 466 1672 Sarmaticus
479 1606 640 1674 maximus
656 1599 687 1674 Cr
704 1603 871 1674 Parthicus
888 1610 1069 1695 maximus,
1121 1584 1127 1604 i

110 1705 229 1779 dixiffe
243 1706 384 1797 dicitur,
398 1707 534 1781 Added
549 1711 677 1782 Geticus
694 1713 879 1798 maximus,
895 1715 983 1806 quast
997 1716 1074 1786 Go-

112 1815 242 1890 thicus:
266 1817 360 1915 quod
382 1817 505 1890 dictum
529 1818 628 1891 altius
650 1817 685 1890 in
711 1821 824 1915 pectus
846 1821 988 1894 Baffiani
1013 1825 1073 1896 de·

111 1924 262 2019 scendit,
275 1947 312 2000 ut
329 1929 447 2024 postea
460 1953 541 2003 nece
562 1929 745 2004 Pertinacis
761 1931 807 2004 est
828 1925 1073 2028 approbatum:

114 2061 181 2122 nec
201 1983 307 2110 solitm
321 2038 522 2126 Pertinacis,
536 2037 591 2108 sed
614 2040 833 2127 &aliorum
848 2059 885 2110 ut
906 2041 1002 2138 supra
1022 2041 1075 2114 di

115 2145 206 2218 &um
225 2149 291 2234 est,
310 2147 425 2244 paffim
451 2147 515 2219 &
507 2146 633 2242 mique.
657 2147 820 2217 Helvium
846 2167 955 2220 autem
975 2149 1074 2221 etiam

114 2253 301 2350 suspedium
328 2253 445 2326 habuit
468 2252 626 2326 affedatte
644 2252 856 2350 tyrannidis,
878 2255 973 2350 quod
998 2257 1077 2327 effet

115 2365 155 2437 in
178 2390 294 2438 amore
314 2363 466 2435 omnium
483 2419 494 2450 ,
510 2364 556 2435 ’δι
578 2359 667 2433 filius
685 2363 866 2437 Pertinacis
890 2367 1076 2461 Imperato-

115 2472 183 2544 ris:
205 2496 347 2569 quaeres
368 2470 456 2544 nulli
472 2470 569 2544 facile
589 2470 725 2594 pti-vato
746 2471 821 2542 satis
846 2491 914 2543 tuta
929 2473 985 2544 est.
1064 2559 1066 2564 Ι

167 2586 238 2652 VII.
260 2584 371 2653 Funus
392 2585 490 2652 Getae
503 2581 687 2652 accuratius
701 2579 795 2652 fuisse
817 2580 955 2669 dicitur,
974 2609 1076 2681 quam

119 2691 286 2786 ejus,qui
311 2689 448 2760 aftatre
476 2689 647 2762 videretur
665 2690 804 2764 occisus
828 2691 1004 2788 Illatusque
1031 2695 1078 2765 est
1133 2769 1135 2774 ,
1218 2746 1222 2754 .

118 2800 289 2927 majorum
309 2800 487 2924 sepulcro,
499 2803 567 2875 hoc
580 2801 625 2874 est
636 2802 775 2902 Severi,
791 2805 883 2899 quod
898 2803 966 2874 est
958 2829 991 2875 m
1009 2806 1082 2900 Ap·

119 2912 176 3009 pia
199 2910 255 2984 vin
280 2893 434 2982 eutitibus
458 2913 500 2983 ad
533 2931 663 3006 portam
693 2913 866 3000 dextrum,
890 2913 998 3010 specie
1018 2917 1078 2985 Se-

121 3021 266 3118 ptizonii
287 3022 506 3109 exstrudium,
533 3024 627 3117 quod
649 3023 708 3094 fibi
731 3023 787 3096 itte
811 3025 913 3096 vivus
934 3049 1078 3099 ornave·

121 3150 184 3205 rat.
205 3130 372 3204 Occidere
394 3131 506 3202 voluit
530 3132 568 3204 δι
593 3149 732 3202 matrem
757 3134 874 3222 Getae,
895 3157 1079 3207 novercam

122 3240 339 3338 suam,quod
355 3239 488 3311 fratrem
504 3239 650 3336 lugeret,
665 3243 702 3313 δι
719 3241 872 3313 mulieres
884 3295 896 3333 ,
907 3268 987 3342 quas
1004 3243 1098 3338 post.

123 3347 267 3422 reditum
290 3347 436 3422 decuria
457 3347 575 3419 flentes
594 3349 728 3444 reperit.
744 3350 817 3420 Fuit
833 3372 992 3445 preterea
1009 3350 1080 3443 ejus

56 3499 60 3507 -
124 3455 342 3530 immanitatis
364 3457 576 3543 Antoninus,
595 3477 631 3528 ut
655 3456 694 3530 iis
717 3459 885 3580 praedipue
911 3460 1080 3530 blandire-

126 3583 197 3655 tur,
211 3591 298 3662 quos
316 3568 356 3639 ad
371 3591 486 3638 necem
505 3565 705 3655 destinabat,
720 3588 759 3639 ut
758 3568 847 3672 ejus
867 3567 969 3664 magis
983 3568 1081 3638 blan·

126 3675 309 3748 dimentum
330 3675 523 3763 timeretur,
537 3701 637 3770 quam
659 3662 840 3748 iracundia.
855 3677 979 3746 Mirum
999 3675 1081 3748 sane
1131 3701 1136 3710 ·

99 3847 106 3856 .
128 3785 288 3859 omnibus
309 3784 485 3858 videbatur
491 3786 609 3882 ,quod
626 3804 769 3890 mortem
787 3789 882 3858 Getae
895 3786 996 3859 toties
1011 3786 1080 3881 ipse
