2884 4828
373 327 440 406 108
527 327 700 403 aaut
751 273 1209 408 liupaton·
1304 279 1307 286 ’

369 489 510 576 ninum,
538 511 582 572 ex
610 483 728 560 sorore
758 481 814 556 lua
838 481 1000 579 genitum.
1024 483 1067 556 Et
1090 481 1166 579 poll
1186 503 1248 554 eos
1277 479 1338 554 tex

368 595 466 670 simul
482 617 524 668 ex
547 591 811 690 Coniulatibut,
838 590 965 666 Allium
992 593 1153 682 Fuscum,
1181 589 1338 666 Coelium

368 705 536 792 Felicem,
558 700 720 810 Luceium
744 700 981 798 Torquatum,
1002 702 1154 778 Lartium
1178 699 1337 797 Euripia·

369 805 474 900 num,
502 810 677 886 Valerium
703 809 910 890 dullianum,
937 808 1145 907 Padiulejum
1171 814 1337 912 Magnum

368 948 446 999 cum
468 919 550 996 suis:
571 937 672 1020 atque
696 920 732 996 itt
762 919 839 994 Afia
863 917 1045 1015 stipitum
1072 918 1225 994 lelum
1251 943 1338 1014 pro·

368 1031 543 1124 consulem
558 1031 731 1109 &lulium
748 1031 931 1122 Proculum
949 1055 1026 1107 cum
1041 1029 1105 1104 suis
1114 1084 1126 1118 ,
1138 1029 1338 1104 Claudium·

367 1166 434 1240 que
451 1145 647 1240 Lucapum,
668 1139 899 1240 consularem,
918 1139 956 1217 δι
976 1137 1213 1213 consobrinam
1233 1139 1338 1235 patris

218 1341 221 1346 Ι
366 1249 415 1324 sui
439 1251 625 1344 Faustinam
645 1250 792 1340 Anniam
816 1250 851 1322 in
878 1247 1026 1343 Achaia,
1041 1249 1080 1325 δι
1107 1249 1193 1325 alios
1216 1247 1336 1322 inlini·

367 1344 435 1436 ios.
458 1361 696 1450 Destinarerat
713 1359 853 1436 &alios
873 1357 1134 1456 quatuordecim
1147 1357 1337 1447 occidere,

369 1497 448 1551 cum
476 1472 605 1562 sumtus
629 1472 703 1568 ejus
728 1473 818 1548 viret
844 1469 994 1545 Romani
1016 1469 1153 1567 imperii
1175 1465 1339 1578 sustinere

227 1659 231 1666 ,
370 1604 441 1652 non
457 1580 621 1674 possent..
688 1613 691 1618 ·

418 1691 505 1763 Vlll.
520 1692 610 1777 lnter
623 1687 696 1760 haec
715 1685 1077 1774 commodus‚senaru
1096 1685 1198 1762 semet
1217 1685 1334 1762 riden-

369 1811 425 1886 te,
447 1820 524 1868 eum
546 1795 740 1896 pdulterum
767 1792 884 1868 matria
908 1793 1094 1869 Consulem
1119 1794 1335 1892 designallet,

369 1903 618 2011 'appellatpstell
637 1908 720 1978 Pius
726 1934 743 1992 ‚·
763 1929 840 1980 eum
859 1901 1033 1980 oecidiffet
1052 1907 1237 1978 Perennem
1251 1958 1262 1995 ,
1275 1931 1336 2003 ap-

348 2015 513 2112 ,pellatis
537 2013 584 2087 est
608 2019 714 2116 Belua.
732 2018 822 2090 lnter
844 2015 1006 2114 plurimas
1023 2018 1131 2092 eaedes
1147 2014 1336 2090 multorum

266 2112 276 2132 “
369 2125 523 2215 civium,
538 2115 631 2224 qitafi
645 2127 783 2224 quidam
801 2152 915 2202 novus
936 2127 1045 2219 Sulla,
1059 2128 1147 2202 idom
1164 2129 1337 2212 Commo·

369 2233 510 2322 dusille
543 2235 637 2325 eius,-
659 2233 716 2322 ille
741 2235 857 2326 Felix,
877 2228 1011 2316 finxisse
1034 2236 1137 2320 etiam
1165 2237 1337 2333 quandam

369 2361 489 2421 contra
511 2342 542 2418 se
566 2343 839 2439 conjurationem
864 2347 1007 2436 dieitur,
1027 2364 1064 2420 ut
1084 2344 1210 2418 multos
1237 2343 1336 2422 occi·
1424 2436 1428 2452 η

369 2457 472 2545 deret.
494 2453 567 2528 Nec
596 2452 661 2528 alia
690 2453 758 2526 ulla
782 2453 847 2528 fuit
870 2452 1015 2528 desedio
1042 2476 1164 2550 ptaeter
1183 2451 1336 2526 Alexan·

368 2563 444 2654 dri,
457 2563 517 2660 qui
532 2563 648 2662 postea
668 2562 701 2636 se
720 2566 757 2637 δι
774 2561 851 2636 suos
866 2561 1108 2646 interemit‚&
1125 2560 1254 2638 sororis
1266 2566 1336 2666 Lug

368 2671 467 2745 cillae.
490 2671 690 2770 Appellatus
710 2671 757 2744 est
772 2669 989 2744 Commodus
1004 2667 1105 2744 etiam
1122 2670 1336 2743 Britannicus

240 2781 244 2790 '
367 2780 410 2854 ab
430 2777 683 2867 adulatoribus,
705 2791 782 2854 culn
797 2780 950 2854 Britanni
969 2780 1073 2858 etiam
1093 2780 1335 2877 imperatorem

370 2909 492 2966 contra
509 2914 589 2964 eum
601 2889 747 2990 deligere
762 2891 948 2968 voluerint.
963 2892 1161 2990 Appellatus
1173 2892 1220 2966 est
1233 2893 1339 2970 etiam

369 3004 537 3074 Romanus
557 3001 728 3091 Hercules,
752 3002 848 3098 quod
869 3001 962 3076 fetas‘
975 3001 1120 3076 lanuvii
1145 3001 1181 3074 itt
1203 2991 1352 3098 amphi?

369 3109 503 3214 theatro
527 3107 711 3183 occidisset.
733 3111 915 3206 eratenim
938 3113 1010 3187 hec
1029 3111 1080 3187 illi
1101 3111 1337 3204 consuetudo,

368 3209 409 3294 tit
430 3219 525 3293 domi
546 3215 665 3294 bestias
689 3218 904 3296 interficeret.
924 3221 999 3294 Fuit
1021 3241 1242 3318 praeteream
1272 3222 1338 3296 de·

368 3330 514 3420 mentia,
527 3352 565 3402 ut
582 3331 700 3434 urbem
713 3333 880 3420 Romam,
895 3335 1051 3405 colomam
1074 3323 1338 3412 commodam

368 3442 490 3518 vocari
513 3441 681 3516 voluerit:
703 3441 764 3542 qui
784 3441 882 3516 furor
901 3443 1024 3516 dicitur
1045 3444 1078 3520 ei
1093 3443 1186 3516 inter
1211 3443 1336 3518 delini·

368 3568 481 3648 menta
502 3550 640 3624 Marcie
659 3548 810 3646 injedlus.
830 3550 952 3624 Voluit
968 3550 1069 3626 etiam
1085 3551 1122 3624 in
1138 3549 1234 3630 circo
1246 3573 1336 3648 qua·

368 3659 477 3760 drigas
498 3661 634 3758 agitare.
659 3659 903 3736 Dalmaticatus
925 3661 960 3734 in
983 3661 1125 3759 publico
1151 3661 1334 3758 proceffit,

369 3785 470 3868 atque
487 3767 535 3846 ita
554 3769 681 3871 lignum
699 3767 869 3872 quadrigis
888 3771 1079 3858 emittendis
1099 3771 1206 3858 dedit.
1222 3771 1336 3850 Erro
