2856 4824
344 291 452 382 ¹1'68
541 289 713 367 'AELll
761 295 1195 370 LAMPRlDll

380 454 532 529 nituntur
549 454 797 552 praerogativis,
819 453 993 554 purgavit,
1005 457 1048 546 .&
1066 456 1230 528 Palatium
1248 455 1342 530 suum

380 562 646 659 comitatumque
664 585 823 649 omnem,
837 559 1033 650 abjedlis‘ex
1056 562 1169 636 aulico
1191 565 1341 636 ministe-

379 671 433 742 rio
452 671 581 744 cundis
593 669 765 742 obscoenis
778 665 1040 744 &infamibusz
1055 696 1120 744 nec
1137 696 1340 768 quemquam

378 777 487 874 pallus
505 777 551 849 ett
573 775 637 850 esse
656 777 692 848 in
704 773 882 864 Palatinis,
897 774 956 848 nisr
982 776 1201 851 necessarium
1224 779 1339 850 homi·

378 909 469 960 nem.
489 883 709 980 Jurejurando
729 883 848 956 deinde
870 883 902 956 se
924 879 1144 974 constrinxit,
1171 909 1214 958 ne
1239 909 1340 981 quem

379 993 602 1090 adscriptum,
625 994 658 1066 id
679 993 726 1066 est
749 991 964 1080 vacantium,
984 992 1146 1083 haberet,
1171 1018 1214 1067 ne
1232 1018 1342 1066 anno·

377 1101 432 1178 nis
452 1103 695 1199 rempublicam
718 1125 896 1200 gravarem
921 1103 1054 1194 dicens,
1078 1106 1201 1178 malum
1224 1106 1341 1202 pupils

378 1215 449 1286 lum
473 1213 537 1286 elle
560 1219 822 1310 Imperatorem,
839 1213 898 1310 qui
921 1239 963 1308 err
990 1214 1341 1310 visceribusprovin·

377 1321 515 1396 cislium
540 1322 701 1396 homines
725 1348 796 1398 nou
819 1321 1036 1409 necessarios,
1059 1346 1121 1398 nec
1141 1322 1339 1419 reipublicae

377 1431 478 1504 utiles
498 1429 656 1527 pasceret.
681 1435 781 1504 fures
807 1426 957 1526 judicare
980 1427 1066 1522 jullit
1083 1425 1118 1501 in
1146 1429 1340 1503 civitatibus

378 1540 455 1614 ullis
477 1563 649 1637 nunquam
676 1539 805 1613 videri:
829 1539 909 1615 &st
936 1539 1040 1612 essent
1068 1537 1150 1630 viti,
1168 1537 1256 1632 juffir
1278 1539 1339 1610 de*

377 1647 507 1744 portari
529 1673 587 1742 per
608 1649 752 1722 redores
773 1646 1040 1744 provinciarum.
1062 1649 1246 1719 Annonam
1274 1645 1339 1716 mi·

376 1756 474 1828 litum
485 1755 661 1853 diligenter
672 1753 1016 1851 impexis-Tribunos
1028 1753 1109 1851 ,qui
1123 1779 1183 1850 per
1194 1754 1339 1826 stellatu-

376 1889 430 1938 ras
452 1864 614 1960 militibus
636 1863 762 1961 aliquid
784 1863 950 1953 tulissent,
976 1862 1107 1961 capitali
1132 1887 1235 1958 poena
1256 1862 1338 1936 affe·

376 1972 436 2050 cit.
459 1975 605 2073 Negotia
630 1978 667 2048 dt
689 1974 801 2048 causas
823 1973 915 2070 prius
936 2001 954 2048 a
983 1974 1179 2049 scriniorum
1207 1974 1338 2048 Princi-

373 2082 496 2180 pibus,
523 2086 560 2156 δι
579 2083 773 2168 doslillrmis
797 2081 992 2181 jurisperitis
1019 2084 1138 2160 &fibi
1162 2080 1338 2171 fidelibus,

312 2284 315 2288 p
375 2216 522 2290 quorum
547 2192 674 2288 primus
691 2210 776 2264 tunc
798 2192 964 2289 Ulpianus
990 2191 1075 2282 suit,
1091 2193 1221 2267 traslari
1242 2191 1338 2265 ordi·

377 2302 518 2400 narique
532 2355 543 2392 ,
555 2321 654 2400 atque
667 2303 715 2375 ita
729 2301 845 2375 referri
859 2305 901 2374 ad
915 2304 947 2376 se
960 2303 1131 2400 pracepit.

423 2415 518 2485 xvt.
534 2415 636 2510 Leges
653 2411 694 2484 de
711 2409 783 2503 jure
801 2413 919 2508 populi
942 2417 979 2488 δι
996 2411 1068 2486 fisci
1087 2412 1278 2486 moderatas
1301 2413 1337 2486 dt

375 2518 522 2592 infinitas
539 2517 660 2592 sanxit:
682 2543 791 2616 neque
812 2519 913 2593 ullam
933 2519 1211 2604 constitutionem
1230 2518 1336 2592 sacra·

376 2629 430 2704 vit
443 2629 511 2702 sine
524 2629 645 2729 viginti
658 2627 875 2726 jurisperitis,
888 2634 924 2704 dc
940 2631 1132 2704 dooiffinis
1148 2655 1186 2705 ac
1205 2629 1335 2728 sapien·

376 2738 465 2812 tibus
475 2737 570 2826 viris,
585 2736 767 2834 iisdemque
785 2738 1016 2823 disertiffimis,
1030 2763 1100 2812 non
1114 2739 1227 2814 minus
1242 2738 1336 2836 quin·

375 2848 552 2947 quagintar
575 2868 702 2922 utnon
724 2850 834 2922 minus
855 2849 889 2921 in
907 2848 1058 2924 ¹consilio
1079 2850 1182 2925 essent
1205 2850 1334 2922 senten·

372 2959 429 3032 tiae
440 3012 452 3049 ,
462 2983 562 3056 quarn
577 2958 897 3034 senatusconsultum
914 2959 1141 3034 conficerent:
1157 2959 1196 3032 δι
1210 2957 1245 3029 id
1257 2956 1332 3054 qui-

373 3069 451 3141 dem
476 3066 542 3156 ita,
565 3086 602 3140 ut
625 3068 728 3146 iretur
758 3095 816 3162 per
845 3069 1021 3143 sententias
1045 3068 1276 3176 singulorum,
1297 3090 1333 3140 ac

371 3178 591 3269 scriberetur,
607 3179 690 3277 quid
707 3179 847 3276 quisque
871 3179 1021 3262 dixisset,
1038 3179 1119 3253 dato
1137 3197 1245 3253 tamen
1263 3176 1333 3273 spa·

298 3341 300 3346 ,
371 3290 425 3363 tio
439 3289 480 3362 ad
495 3276 744 3385 disquirendum
757 3289 1065 3387 cogitandumque,
1074 3286 1265 3388 priusquam
1281 3287 1333 3359 di·

372 3399 506 3487 cerent,
522 3423 564 3472 ne
579 3398 756 3495 incogitati
771 3401 882 3472 dicere
897 3417 1098 3497 cogerentur
1115 3399 1156 3471 de
1169 3397 1269 3472 rebus
1283 3397 1334 3468 in·
1363 3410 1371 3419 ”

371 3507 536 3606 gentibus.
555 3507 630 3580 Fuit
645 3529 804 3604 praeterea
821 3507 871 3579 illi
885 3509 1115 3606 consuetudo,
1132 3525 1171 3582 ut
1184 3509 1209 3580 sr
1224 3509 1266 3580 de
1281 3505 1332 3598 ju·

371 3641 430 3708 re,
446 3636 502 3689 aut
521 3619 562 3690 de
583 3617 727 3716 negotiis
741 3619 913 3706 uastaret,
931 3619 1023 3693 solos
1040 3620 1160 3692 doctos
1173 3619 1212 3691 δι
1229 3616 1330 3688 diser·

368 3743 426 3815 tos
443 3725 632 3818 adhiberet3
648 3727 672 3802 ti
689 3753 775 3808 uero
796 3729 837 3802 de
855 3753 892 3804 re
912 3727 1071 3824 militari,
1091 3727 1215 3806 milites
1234 3744 1325 3802 vete·
