2884 4828
327 300 425 437 x'74
569 341 728 415 Juu‘u
763 339 1138 416 cnprrourut

334 515 337 522 '
376 497 593 574 tribuniciam
613 501 808 596 potestatem
829 499 1187 602 junxittcongiarium
1206 503 1335 600 populo
1369 583 1371 588 ,

327 691 330 698 ,
377 608 484 698 dedit,
499 609 537 683 δι
551 609 732 708 spectacula
746 607 905 685 mirifica:
921 612 999 684 dein
1014 613 1128 687 civilia
1139 613 1243 685 multa
1256 637 1335 687 cor·

377 717 475 792 rexit.
486 718 688 792 Gladiatorii
700 721 848 794 muneris
862 721 985 794 sumtus
997 723 1136 796 modum
1152 721 1241 796 fecit.
1251 723 1336 793 Sen-

377 825 482 898 tentia
500 825 649 902 Platonis
669 825 798 923 semper
815 827 851 900 in
870 851 931 900 ore
948 826 1039 901 illiue
1052 827 1141 902 suite
1160 833 1277 901 Florcre
1289 833 1335 900 ci·

376 933 613 1032 vhates,fiaue
632 937 821 1031 Philosophi
841 940 1045 1032 imperarent,
1065 962 1121 1008 aue
1136 943 1337 1032 Imperatores

371 1046 673 1141 philosopharentur.
701 1048 787 1121 Filio
813 1048 874 1122 suo
899 1050 1004 1122 Brutii
1032 1049 1205 1124 Praesentis
1233 1049 1337 1124 filiam

376 1151 513 1248 junxit,
529 1145 668 1254 ¹nuptiis
699 1158 872 1232 celebratis
909 1159 1069 1254 exemplo
1094 1159 1339 1256 privatorum:
1366 1239 1375 1255 ι

376 1285 480 1358 quare
500 1260 605 1337 etiam
622 1265 834 1362 congiarium
854 1267 986 1364 populo
1011 1265 1111 1340 dedit.
1131 1265 1266 1340 Deinde
1299 1266 1339 1338 ad

376 1369 629 1448 conficiendum
644 1375 769 1448 bellum
784 1377 990 1467 conversus,
1003 1375 1038 1447 in
1053 1374 1339 1448 administratione

111 1566 113 1584 Ι
231 1476 235 1488 ‘
377 1480 449 1573 ejus
471 1483 551 1556 belli
571 1486 681 1573 obiit,
696 1487 885 1558 labentibus
900 1484 966 1579 jam
986 1483 1046 1556 filii
1064 1485 1216 1558 moribus
1230 1487 1273 1556 ab
1286 1487 1339 1557 ine

378 1589 495 1662 stituto
517 1590 589 1665 suo.
607 1593 777 1664 Triennio
800 1594 923 1666 bellurn
954 1593 1068 1690 postea
1094 1617 1172 1668 curn
1198 1591 1338 1669 Marco·-

269 1739 271 1742 ·
378 1697 535 1790 mannis,
554 1701 821 1792 Hermunduris,
844 1702 1028 1793 Sarmatis,
1058 1701 1212 1796 Quadis,
1239 1703 1338 1776 etiarn

376 1805 457 1902 egit.
469 1810 526 1899 δι,
541 1807 566 1880 si
579 1834 671 1883 anno
693 1835 765 1883 uno
786 1801 1010 1908 superfuisset,
1027 1809 1224 1906 provincias
1238 1835 1277 1882 ex
1290 1810 1340 1884 his

378 1913 515 1991 seciffet.
539 1919 628 1990 Ante
652 1919 820 2011 biduum,
842 1946 943 2018 quant
965 1921 1173 2018 exspiraret,
1195 1921 1350 1996 admissis.

234 2060 237 2064 ·
378 2024 820 2115 amicis,diciruroflendiffe
837 2029 1030 2102 sententiam
1045 2029 1087 2102 de
1102 2026 1339 2119 fitioeandem,

378 2163 479 2234 quarn
498 2139 670 2236 Philippus
695 2141 738 2214 de
764 2140 982 2227 Alexandr03
1004 2163 1081 2213 cunt
1106 2138 1147 2210 de
1165 2139 1233 2212 boc
1252 2140 1339 2212 male

379 2246 538 2336 sentiret,
560 2248 710 2338 addent,
730 2254 859 2322 minime
868 2253 908 2344 se
929 2276 1004 2345 ogre
1027 2271 1152 2320 mortem
1164 2247 1270 2339 ferre,
1290 2251 1339 2342 fi·

379 2363 457 2430 lium
470 2359 660 2460 superstitem
681 2365 841 2454 reliquens.
856 2385 932 2432 narn
951 2357 1017 2453 jam
1039 2358 1254 2432 Commodus
1271 2377 1339 2433 tut·

380 2491 456 2564 pem
475 2465 507 2538 se
527 2468 566 2542 dt
587 2485 763 2541 cruentum
786 2466 983 2554 ostentabat.
1361 2541 1365 2548 ,
1431 2547 1432 2552 ¹

428 2578 590 2651 xxvlu.
615 2579 711 2652 Mors
729 2597 840 2650 autem
868 2578 942 2650 talis
960 2573 1033 2651 suit.
1056 2575 1144 2649 Cum
1175 2595 1339 2673 aegrotare
1431 2637 1432 2646 ,

237 2685 245 2719 “
381 2686 552 2782 coepisset,
570 2685 678 2758 silium
702 2684 911 2776 advocavit,
930 2704 1032 2782 atque
1053 2684 1096 2757 ab
1118 2709 1162 2758 eo
1191 2685 1339 2780 primum

382 2794 499 2890 petiit,
520 2816 556 2866 ut
573 2798 643 2865 belli
660 2800 807 2888 reliquias
819 2823 883 2866 non
903 2820 1124 2881 contemneret,
1144 2815 1187 2866 ne
1204 2795 1341 2868 videre·

380 2923 437 2977 tur
458 2903 698 3000 rempublicam
706 2903 867 3000 prodere.
880 2905 939 2991 δι,
954 2929 1030 2978 cum
1052 2903 1140 2977 filius
1155 2903 1186 2976 ei
1202 2903 1341 3003 respon·

382 3013 496 3103 disset,
516 3041 617 3108 cupere
627 3017 667 3109 se
677 3017 817 3108 primum
829 3016 1031 3108 fhniraum5
1049 3031 1087 3084 ut
1108 3013 1237 3102 vellet,
1262 3039 1339 3108 per·
1431 3089 1432 3092 ,

382 3122 493 3196 mint:
517 3142 633 3218 petens
653 3141 783 3214 tamen,
803 3142 842 3196 ut
864 3123 1069 3219 exspestaret
1088 3145 1217 3217 paucos
1244 3123 1340 3212 dier,

235 3291 239 3298 r
382 3249 440 3304 aut
458 3229 554 3304 timul
572 3229 854 3327 proficisceretur.
873 3230 995 3305 deinde
1007 3229 1166 3303 abstinuit
1184 3229 1265 3302 cibo
1279 3253 1340 3325 po·

383 3338 619 3439 tuque,'mori
638 3342 794 3438 cupiens,
811 3340 973 3438 auxitque
986 3338 1156 3412 morbum.
1171 3340 1272 3410 Sexta
1288 3337 1340 3412 die

382 3451 517 3526 vocatis
535 3449 673 3540 amicis,
687 3452 726 3524 δι
742 3449 852 3521 ridens
865 3463 917 3521 res
927 3438 1105 3536 dumanas,
1119 3464 1264 3520 mortem
1280 3471 1340 3518 au-

383 3583 451 3633 tem
473 3555 712 3648 contemnens,
730 3557 912 3632 adauricos
933 3558 1037 3631 dixit:
1057 3560 1152 3653 Quid
1172 3559 1338 3658 mesteris,

356 3655 359 3662 ⁴
385 3668 419 3742 ἃ
439 3700 513 3756 non,
521 3677 623 3770 magis
638 3675 675 3742 de
688 3671 861 3770 pestilentia
883 3667 916 3742 δ’
936 3673 1198 3742 communiorem
1220 3669 1339 3763 cogita·

386 3782 428 3849 ris
440 3783 460 3851 r>
473 3783 511 3856 &
531 3804 609 3855 cunr
628 3778 831 3856 illinellenr
849 3781 1022 3872 recedere,
1035 3773 1338 3877 ingemiscensaite
1389 3877 1391 3880 Ι
