2884 4828
246 425 248 432 .
374 351 449 450 u24
568 357 728 430 tutu
761 353 1137 430 oratiorium

376 519 438 590 bus
457 515 620 588 Romanis
635 495 861 610 imponerent.
876 515 930 590 sed
952 515 1009 590 ille
1026 511 1138 590 nudus
1159 515 1266 612 fugit,
1279 534 1330 590 at·

375 647 444 718 que
466 626 508 696 ad
527 625 732 698 Pertinacem
753 623 789 694 in
812 623 974 696 Palatium
999 624 1111 713 venit,
1130 629 1168 700 δι
1193 625 1267 720 poll
1288 649 1332 698 ex
1364 627 1374 643 '

376 733 469 806 Urbe
478 731 629 806 disceffit.
638 731 779 808 Timore
791 731 866 806 saue
876 734 1033 808 Pertinax
1045 737 1192 824 eoadem,
1202 735 1332 826 omnia,

374 863 453 935 quae
480 840 695 916 Commodus
727 841 892 916 militibus
922 847 960 918 dt
987 845 1154 919 veteranis
1179 845 1333 934 dederat,

375 948 604 1025 confirmavit.
616 949 789 1048 Suscipere
806 949 841 1024 se'
855 950 953 1024 etiam
976 952 1153 1046 imperium
1171 978 1189 1025 a
1211 955 1333 1026 Senatu
1353 971 1357 979 '

374 1060 482 1144 dixit,
501 1063 595 1159 quod
619 1061 685 1158 jam
713 1061 833 1159 sponte
854 1060 983 1134 inierat.
1005 1061 1240 1155 Quaestionem
1263 1085 1333 1134 ma·

373 1168 497 1264 jestatis
520 1177 654 1270 penitus
677 1172 778 1264 tulit,
801 1197 878 1248 cum
896 1171 1123 1267 jurejurando.
1138 1170 1334 1245 Revocavit

374 1282 474 1356 etiam
495 1309 573 1372 eos,
598 1287 655 1384 qui
680 1283 847 1382 deportati
870 1283 1003 1356 fuerant
1022 1283 1161 1356 crimine
1182 1279 1333 1374 majella·

375 1388 434 1476 tis;
459 1414 577 1467 eorum
601 1392 763 1466 memoria
786 1391 956 1480 restituta,
977 1393 1036 1488 qui
1062 1391 1162 1468 occis
1190 1389 1333 1464 fuerant.

372 1502 494 1576 Filium
506 1502 578 1598 ejus
594 1505 734 1574 Senatus
749 1501 914 1576 Caesarem
932 1502 1127 1596 appellavit.
1146 1502 1210 1574 Sed
1227 1499 1333 1574 Perti·

245 1617 252 1629 '
374 1635 439 1682 uax
458 1635 523 1683 nec
541 1611 657 1684 uxoris
675 1609 832 1706 Augusta:
848 1610 1108 1707 appellationem
1132 1610 1281 1706 recepit,
1295 1611 1355 1735 &l

305 1715 318 1730 “
374 1722 416 1794 de
429 1719 502 1794 silio
516 1719 623 1810 dixit,
640 1725 719 1795 Cum
738 1725 884 1796 meruerit.
900 1725 941 1794 Et
961 1747 1038 1796 cum
1053 1721 1266 1794 Commodus
1278 1721 1334 1792 ,al-

316 1869 319 1875 ·
374 1831 573 1906 sessionibus
599 1831 787 1905 innumeris
812 1829 992 1926 praetorios
1016 1830 1214 1919 miscuisset,
1239 1829 1333 1904 sena·

373 1937 615 2013 tusconsultum
626 1939 784 2014 Pertinax
801 1937 902 2024 fecit,
918 1937 1073 2034 juffitque
1092 1967 1162 2022 cos,
1177 1943 1231 2032 qui
1244 1943 1332 2011 Prae·

366 2061 460 2124 ¹¹turam
480 2078 545 2122 uon
561 2047 726 2150 geffifflnt,
740 2052 802 2142 scd
818 2051 977 2122 allec'lione
992 2048 1188 2147 accepiffent,
1195 2051 1268 2149 post
1281 2077 1333 2123 eos

372 2156 443 2257 effe,
454 2165 508 2254 qui
520 2191 584 2234 vere
594 2165 743 2236 Praetores
749 2160 893 2260 futffint.
904 2161 969 2234 Sed
983 2159 1061 2234 hinc
1076 2183 1223 2256 quoque'
1233 2186 1334 2258 grau·

373 2266 414 2342 de
427 2271 544 2343 odium
561 2271 620 2346 sibi
633 2273 820 2344 multorum
841 2269 1044 2348 commovit.

421 2381 494 2452 Vll.
503 2379 632 2454 Census
644 2380 809 2455 retraetari
822 2379 921 2473 jullit.
933 2379 1099 2453 delatores
1112 2372 1246 2452 vindos
1259 2403 1332 2477 gra·

369 2492 462 2565 viter
476 2487 590 2588 puniri
610 2488 716 2590 julitta
733 2491 895 2564 &tamen
909 2487 1068 2575 mollius,
1083 2513 1185 2585 quam
1201 2488 1331 2584 priores

373 2605 614 2700 Imperatores;
632 2601 815 2698 [inicuique
835 2597 1049 2696 dignitati‚sr
1069 2597 1250 2674 delationis
1258 2599 1333 2672 eri·

370 2739 448 2787 meu
463 2714 668 2801 incurreret,
681 2739 818 2815 poenam
842 2712 996 2808 statuens.
1011 2713 1117 2808 legem
1135 2709 1212 2784 sane
1234 2712 1331 2802 tulit,

370 2839 408 2894 ut
422 2821 613 2902 testamenta
627 2822 740 2917 priora
760 2845 832 2902 non
855 2821 945 2916 prius
969 2821 1072 2894 essent
1093 2819 1208 2906 irrita,
1227 2845 1331 2917 quam

371 2930 436 3005 alia
455 2928 600 3027 persedit
619 2927 743 3015 clienta
762 2953 851 3002 neve
869 2929 917 3002 ob
933 2929 1003 3004 hoc
1025 2927 1132 3014 fiscus„
1145 2929 1331 3025 aliquando

242 3138 244 3142 Α
371 3043 572 3117 succederet.
593 3041 735 3140 Ipseque
756 3039 919 3137 professus
933 3040 1148 3130 2est‚nullius
1166 3040 1199 3114 se
1217 3043 1330 3116 aditu·

263 3222 266 3228 .
371 3177 446 3224 rum
464 3152 695 3235 hereditatem.
715 3148 791 3248 quae
813 3169 871 3224 aut
892 3149 1087 3227 adulatione
1110 3149 1252 3244 alicujus
1271 3153 1331 3224 de·
1438 3249 1439 3252 Ἴ

371 3261 438 3334 lata
459 3259 559 3348 esset,
579 3278 637 3333 aut
661 3259 720 3333 lite
748 3259 927 3354 perplexa,
945 3279 983 3332 ut
1004 3258 1143 3357 legitimi
1167 3257 1328 3352 herede8‚

370 3372 410 3446 dt
434 3367 606 3444 necessarii
628 3369 866 3466 privarentur:
895 3368 1091 3466 addiditque
1114 3364 1328 3440 senatuscon-

369 3479 460 3554 sulto
481 3479 557 3555 hec
573 3477 856 3567 verba,Sanc‘lius
874 3480 932 3582 est,
943 3483 1054 3551 Patres
1065 3478 1259 3572 Confiripti,
1276 3481 1328 3548 in·

371 3621 458 3685 opem
470 3593 685 3686 rempublicam
700 3593 852 3676 obtinere,
863 3594 1016 3684 quamdi
1026 3594 1209 3660 divitiarum
1224 3615 1328 3664 cumu-
1437 3639 1438 3648 t

370 3710 435 3773 lum
452 3730 509 3796 per
530 3703 709 3794 discrimina
732 3721 821 3792 atque
844 3702 998 3772 dedecoris
1019 3688 1145 3801 vestigia
1161 3705 1328 3791 pervenire.
1437 3731 1438 3759 i

370 3810 551 3888 Donativa
570 3813 608 3886 δι
625 3809 816 3908 congiaria,
832 3819 906 3908 qua
927 3807 1141 3884 Commodus
1160 3803 1327 3907 promisee
