2856 4824
202 269 480 372 uuro'uruus
501 295 864 384 ,Hermotimum
947 291 1013 399 253
1127 334 1132 388 ,ι

55 460 309 560 praecipitaret,
331 460 468 547 dicens,
488 458 588 532 etiam
608 446 753 532 mortem
770 456 866 558 ⁸suam
889 458 1022 553 pretio·

57 569 127 644 sam
150 570 215 644 effe
239 570 378 657 debere,
397 572 434 643 δι
450 568 492 642 ad
516 565 659 664 speciem
683 566 847 656 luxuriae,
870 588 908 640 ur
929 567 1023 641 dice·.
1126 595 1129 598 ·

2 732 6 743 .
58 698 153 754 retur
166 703 267 752 nemo
281 679 326 752 stc
341 677 466 776 periffe.
478 677 543 750 sed
556 656 638 750 nildl
651 675 708 748 iste
726 675 915 748 valuerunt.
931 700 1022 764 nam,

58 804 100 860 ut
117 786 279 869 diximus,
296 789 335 860 δι
355 787 484 862 occisus
501 785 552 860 est
572 811 631 883 per
655 784 804 873 scurras,
822 787 931 880 &per
949 784 1024 887 pla·

57 914 132 970 reas
153 899 276 970 trador
295 895 534 982 sordidissime,
547 919 606 991 per
624 893 756 968 cloacas
775 894 913 982 duduc,
928 895 966 968 δι
986 896 1028 967 iu

56 1004 215 1080 Tiberim
235 1005 405 1080 submissus
425 1007 481 1080 est.
500 1005 566 1080 Hic
581 997 657 1078 finis
676 1003 932 1100 Antoninorum
958 1027 1022 1076 no·

60 1117 149 1188 mini
160 1115 195 1190 in
206 1116 378 1214 republica
394 1115 476 1206 fuit,
490 1114 668 1202 scientibus
677 1113 826 1204 condis,
839 1111 936 1185 istum
953 1117 1026 1184 An·

58 1225 308 1301 toninumtam
321 1225 393 1309 vita
406 1222 647 1314 falsamente,
661 1247 761 1321 quam
778 1222 928 1302 nomine.

70 1331 73 1340 ’
114 1337 282 1412 XXXIV.
295 1332 420 1408 Mirum
436 1331 570 1416 forrnffe
581 1331 727 1428 cuipiam
744 1329 919 1420 videatur,
931 1332 1027 1406 Con·

61 1443 439 1542 ssantinepvenerabilis,
453 1443 548 1542 quod
562 1442 634 1517 haec
651 1443 780 1532 clades,
792 1467 892 1542 quam
908 1435 1027 1533 retuli,

61 1554 150 1626 ioco
167 1554 363 1650 Principum
383 1552 503 1644 fuerit,
516 1556 555 1626 δι
575 1553 710 1648 quidem
729 1551 1033 1648 prope‘triennio,

39 1716 46 1742 ,
64 1662 114 1736 ita
139 1682 175 1734 ut
189 1687 291 1762 nemo
318 1665 479 1740 intentui
499 1662 621 1754 fuerit,
640 1662 698 1761 qui
712 1661 811 1735 istum
827 1686 846 1734 a
860 1662 1027 1758 guberna·

4 1861 11 1876 ι
65 1771 155 1844 culis
172 1771 528 1870 Romanremajestatis
549 1771 750 1862 abducerer,
771 1793 850 1842 curn
870 1770 1029 1868 Neroni,

66 1881 233 1970 Vitellio,
244 1882 425 1980 Caligulae‚
442 1879 624 1979 ceterisque
646 1879 840 1976 hujusmodi
858 1905 1030 1977 nunquam

68 1991 284 2090 tyrannicida
300 1992 454 2068 defuerit.
474 1994 538 2066 Sed
551 1993 696 2090 primum
718 1991 871 2064 omnium
886 1991 953 2086 ipse
967 2017 1036 2066 rev
1096 2012 1099 2018 '

69 2100 162 2172 niam
182 2120 282 2200 peto,
298 2102 392 2198 quod
409 2103 501 2190 haec,
521 2125 597 2198 quae
615 2098 704 2194 apud
723 2097 874 2172 diversos
898 2100 1032 2194 reperi,

42 2253 44 2264 ι
69 2208 179 2282 literis
198 2210 337 2300 tradidi3
361 2235 437 2284 cum
458 2210 561 2282 multa
579 2201 735 2302 improba
758 2206 972 2294 reticuerim,
994 2211 1032 2282 δε

70 2343 151 2412 quae
174 2342 215 2390 ne
233 2317 301 2392 dici
316 2317 450 2415 quidem
474 2317 542 2392 stne
560 2317 711 2404 maximo
732 2317 864 2410 pudore
885 2315 1033 2412 poffunt.

70 2431 123 2500 Ea
138 2452 248 2516 vero,
269 2452 345 2524 quae
362 2427 453 2516 dixi,
469 2447 634 2528 ptaetextu
648 2426 833 2498 verborum
854 2426 1005 2498 adhibito
1021 2479 1033 2513 ,

72 2554 236 2633 quantum
251 2537 369 2632 potui,
388 2538 469 2610 texi.
483 2537 618 2610 Deinde
636 2537 738 2624 iliud,
751 2537 843 2629 quod
857 2533 1047 2610 clementie

74 2664 135 2718 tua
148 2645 232 2718 solet
245 2647 356 2719 dicere
366 2701 376 2735 ,
388 2646 558 2721 credidiffe
567 2644 805 2734 reficiendum,
816 2651 1032 2740 Imperatorem

74 2757 158 2856 ιβἰ,
171 2747 310 2848 fortuna
324 2760 373 2860 ιβ.
394 2783 473 2830 uam
493 2757 654 2836 &minus
667 2757 750 2830 boni
764 2783 859 2856 reges
876 2757 1034 2848 fuerunt,
1061 2777 1063 2782 ’

75 2872 114 2940 δι
141 2859 280 2962 peffimiss
290 2866 471 2966 Agendum
492 2890 602 2957 veto,
623 2868 717 2963 quod
737 2867 847 2962 pietas·
864 2884 922 2938 tue
950 2867 1035 2940 soter

77 2977 215 3064 dicere,
231 2983 280 3049 Ur
282 2979 354 3078 fiat
368 2981 494 3071 imperio
509 2981 600 3072 digai
607 3030 617 3066 ‚
629 3005 705 3072 quos
720 2982 764 3048 ad
778 2983 899 3072 regendi
911 2979 1034 3075 neceffi·
1054 3060 1056 3067 Ι

79 3111 173 3158 tarem
191 3088 238 3156 vis
250 3085 371 3177 fatalis
390 3091 568 3158 adduxerit.
587 3090 628 3156 Et
643 3086 804 3182 quoniam
826 3085 882 3158 hic
901 3086 1040 3160 ultimus

78 3196 337 3270 Antoninorum
362 3193 451 3283 suit,
479 3219 588 3292 neque
611 3194 726 3290 postea
756 3196 825 3268 hoc
846 3220 972 3270 nomen
1001 3196 1038 3268 in
1134 3185 1136 3188 ’

79 3303 251 3398 republica
273 3303 355 3374 loco
369 3295 560 3398 Principum
580 3298 827 3400 frequentatum
848 3305 916 3390 est,
936 3303 1048 3376 etiam

81 3409 166 3482 illud
193 3410 381 3482 addendum
409 3411 480 3500 est,
506 3435 549 3482 ne
572 3409 645 3506 quis
665 3435 760 3483 error
783 3411 934 3498 oriatur,
959 3435 1037 3482 cunr

82 3521 168 3590 duos
188 3518 383 3592 Gordianos
397 3542 533 3592 narrare·
541 3543 682 3614 coepero
694 3573 706 3606 ‚
720 3540 845 3613 patrem
859 3544 897 3590 nc
911 3517 1038 3606 filium,

82 3629 142 3724 qui
164 3629 195 3700 se
215 3630 255 3700 de
274 3631 527 3701 Antoninorum
545 3654 665 3726 genere
685 3629 751 3701 dici
771 3619 951 3716 volebant,
966 3653 1039 3698 non

85 3761 214 3810 nomen
236 3737 271 3810 in
294 3738 358 3810 illis
375 3738 522 3838 primum
541 3737 629 3830 fuir,
647 3738 701 3812 sed
718 3760 925 3835 prenomen.
946 3729 1039 3808 dein·
