2782 4814
136 325 138 332 ’
280 322 449 396 ΡΠΓΛΕ
486 326 884 400 ETSCRlP-'TA-
1012 343 1072 397 vn

111 477 320 576 Spanianum
327 515 343 574 ·,
364 509 455 578 arque
480 489 607 559 AElium
625 489 842 582 Lampridium
864 487 973 560 uideri.
998 490 1071 558 Au·

8 687 9 694 ἵ
105 593 198 683 sonii
213 594 306 693 ssim
323 617 453 666 uotum:

341 801 424 876 Tria
451 799 591 878 nomina
615 799 841 876 nobiliorum.

174 989 291 1076 Porro,
309 1013 420 1082 prater
442 1013 502 1062 tres
524 1013 691 1100 quatuorve
714 989 807 1092 istos,
833 986 968 1059 aliorum
993 991 1070 1078 quoi

7 1137 8 1186 1
113 1119 168 1188 que
193 1099 278 1166 ritas
300 1101 460 1191 reliquerat
486 1081 698 1193 Spartianus:
720 1098 873 1226 apsque
860 1122 941 1169 rnrer
963 1091 1071 1165 Marci

7 1257 8 1262 η
99 1207 298 1308 Antonini,
322 1206 412 1293 cujus
430 1208 493 1300 ipse
516 1212 657 1278 meminit
677 1208 772 1280 initio
801 1209 871 1278 vita
893 1201 1069 1277 Commodi.

146 1335 187 1376 on
211 1299 317 1380 iumen
335 1311 516 1408 pertexuiffe
539 1315 679 1383 omnium
700 1318 784 1384 ritas
806 1315 896 1406 usque
918 1317 962 1384 ad
984 1311 1069 1382 Con·

98 1413 299 1510 staminum,
316 1424 368 1488 rel
385 1424 479 1488 etiam
501 1420 765 1505 Diocletianum,
791 1423 886 1490 irnmo
905 1445 943 1488 ne
961 1421 1068 1494 Aure-

108 1526 192 1594 liani
214 1529 337 1618 quidem
358 1530 457 1598 ritam
483 1529 571 1598 edidi
593 1558 627 1616 e,
647 1535 727 1600 clare
750 1533 908 1627 colligitur
927 1555 971 1600 ex
990 1531 1068 1598 Au·

65 1695 70 1709 .
104 1632 187 1734 'gusti
205 1633 274 1724 ejus
292 1637 360 1708 vita
380 1667 403 1709 a
429 1639 563 1732 Vopisco
573 1637 708 1732 scripta.

227 1837 550 1911 VULCATIUS
584 1837 946 1912 GALLICANUS.

161 2030 398 2100 VULchS
414 2031 603 2104 Gallicanus
617 2035 656 2104 V.
671 2035 724 2104 cl.
741 2027 811 2128 (eos
822 2054 921 2102 autern
935 2027 1068 2124 cloriffi3
1192 2113 1205 2128 ,

103 2161 183 2209 ntor
189 2139 314 2224 dixere,
329 2145 385 2232 qui
403 2144 569 2236 dignitatis
584 2137 678 2236 efferre
685 2135 869 2234 senatoria)
885 2141 964 2231 quid
981 2140 1068 2230 seri·

104 2248 170 2316 bere
188 2249 381 2349 propofiturn
405 2255 566 2340 habuerit,
591 2247 625 2343 δ’
656 2278 717 2344 qua
739 2273 826 2322 atate
846 2250 986 2335 uixerit,
1005 2251 1068 2336 liat

104 2353 174 2441 ejus
191 2361 282 2428 uerba
305 2357 691 2459 efflendunttProposui,
713 2357 932 2432 Diocletiane
951 2357 1068 2450 Augu·
1182 2396 1184 2404 ¹

101 2463 176 2554 ste,
195 2489 337 2558 omnes,
360 2469 419 2567 qui
441 2474 687 2566 Imperatorum
710 2465 943 2553 nomen,s1ve
963 2460 1068 2554 juste,

103 2575 174 2647 sive
184 2574 324 2669 injuste,
339 2577 528 2678 habuerunt
538 2633 549 2664 ,
560 2579 598 2650 in
610 2578 723 2648 literas
735 2575 881 2662 mittere,
896 2592 935 2646 ut
948 2595 1069 2646 omnes
1189 2615 1191 2620 ·

104 2702 309 2777 purpuratos
341 2684 509 2781 Augustos
529 2683 763 2780 cognosceres.
786 2685 850 2752 Sed
866 2685 958 2754 lodie
981 2684 1070 2754 nihil

102 2793 172 2877 ejus
185 2797 353 2881 habemus,
367 2798 591 2887 proterritum
607 2794 727 2867 Auidii
744 2793 861 2890 duffii,
874 2797 956 2866 unde
974 2798 1067 2865 verba

102 2901 163 3000 ista
181 2902 341 3002 depromfi.
354 2907 455 2974 lrnmo
469 2929 524 2973 nec
536 2909 677 2976 omnium
696 2899 853 3000 tradidrffi
876 2904 979 2989 ritas,
1002 2929 1069 2975 cct-
1127 2941 1138 2974 x

99 3033 170 3080 turn
193 3011 252 3101 ιβ
273 3014 522 3104 qnandoquidem
549 3037 621 3084 once
649 3014 818 3107 Vopiscum
840 3014 939 3083 uitam
962 3020 1066 3085 Aure·
1112 3073 1115 3084 ,

100 3122 185 3189 liani
202 3123 343 3225 prodidit
362 3147 470 3205 nemo,
491 3145 528 3191 ur
547 3126 642 3193 initio
663 3126 750 3194 illius
778 3123 916 3220 Augusti
934 3127 1068 3215 locuples

99 3227 167 3319 ipse
191 3218 339 3328 ιιβίιιβ
369 3229 536 3322 Vopiscum
557 3253 659 3300 autem
673 3237 773 3324 paulo
794 3229 864 3329 post
886 3233 1068 3300 Vulcacium

91 3333 273 3461 scripfiiffe,
295 3365 335 3408 ex
355 3365 390 3408 eo
411 3343 545 3434 colligo,
564 3343 648 3433 quod
670 3341 813 3411 Trebellii
830 3341 988 3410 Pollionis
1004 3365 1069 3409 nre·

101 3447 230 3516 minerit
257 3449 351 3518 initio
370 3453 484 3520 Aurel
472 3453 564 3535 rani,·
586 3451 666 3524 Julii
688 3471 789 3524 autern
818 3449 1012 3540 Capitolini,
1034 3443 1069 3518 δ’

101 3558 189 3627 AElii
206 3557 407 3650 lampridii,
430 3563 524 3632 initio
546 3561 654 3632 Probi.
679 3559 780 3652 Atqui
804 3557 855 3656 isti
875 3579 961 3627 atate
986 3560 1020 3624 V
1017 3562 1068 3626 ul
1193 3629 1196 3634 .

101 3666 178 3736 catii
201 3668 316 3736 uixere.
348 3671 415 3737 Sed
434 3673 542 3738 necl
514 3668 598 3737 illud
624 3690 794 3764 memoratu
821 3667 1009 3794 indignum,
1032 3669 1069 3734 in

102 3778 234 3874 oprimis
258 3774 291 3852 δ’
311 3779 526 3878 antiqnffmis
548 3757 715 3874 Sportioni
735 3779 904 3868 excerptis,
919 3799 983 3880 qua
994 3772 1071 3864 surg

768 3907 852 3973 ³4
