2782 4814
295 367 766 454 HADRIANUS.
835 447 843 456 ³
962 389 1006 460 27

53 530 252 625 imperaret,
265 529 355 602 mori
370 526 502 626 coegit;
515 527 554 602 δι
570 526 617 600 ob
635 526 727 600 leves
740 523 883 599 offensas
899 523 1007 621 pluri·

51 656 130 710 mos
154 636 242 732 juffit
266 638 395 728 occidi,
416 662 506 735 quos
526 635 722 708 Antoninus
747 634 946 710 reservavit.
965 634 1008 706 Et

54 745 203 820 moriens
225 747 456 844 quidem,lros
477 746 594 820 versus
607 743 720 820 fecisse
740 742 887 820 dicitur:

102 862 259 932 Animula
274 863 412 954 vagula,
430 861 607 947 blandula,

102 969 225 1061 Hospes
246 972 399 1066 comesque
413 974 575 1063 corporis,

105 1077 181 1169 Quo
194 1105 278 1150 nunc
297 1084 399 1152 abibis
419 1083 455 1150 in
479 1086 571 1167 loca,

101 1191 290 1272 pallidula,
310 1193 434 1284 rigida,
459 1192 579 1260 nudula
588 1213 605 1272 ς
675 1233 677 1238 -

99 1300 193 1384 Nec,
208 1323 244 1369 ur
254 1301 362 1392 finles,
383 1301 473 1368 dabis
484 1297 590 1387 jocos.
731 1329 737 1335 ”

56 1407 154 1480 Tales
174 1429 285 1480 autem
298 1461 310 1495 ,
322 1429 385 1480 nec
402 1408 512 1480 multo
529 1405 703 1495 meliores,
718 1401 797 1478 sctit
808 1403 845 1478 δι
858 1403 1009 1478 Grecos.

58 1518 148 1606 Viuit
162 1517 259 1590 annis
273 1515 476 1614 septuaginta
487 1517 643 1602 duobus,
656 1513 824 1588 mensibus
835 1513 1009 1608 quinque,
1119 1523 1121 1528 '

1 1649 2 1652 ¹
57 1623 171 1710 diebus
192 1626 437 1724 septemdecim.
457 1623 637 1722 Imperavit
655 1622 752 1698 annis
770 1617 893 1718 viginti
911 1643 1008 1720 uno„

59 1737 221 1810 mensibus
241 1737 410 1813 undecim.

109 1849 244 1922 XXVI.
269 1851 396 1921 Statura
420 1847 486 1922 fuit
507 1871 692 1944 procerus,
716 1841 1008 1926 sormacomrus,
1145 1899 1149 1906 .

59 1954 147 2029 nexo
167 1954 211 2028 ad
232 1956 395 2054 peslinem
411 1958 556 2052 capillo,
571 1955 728 2056 promissa
744 1955 867 2039 barba,
879 1973 916 2044 ur
930 1950 1008 2023 vul·

60 2089 155 2154 nera,
170 2092 251 2164 quaa
260 2067 296 2140 in
306 2066 394 2140 facie
405 2069 566 2140 naturalia
581 2085 697 2158 erant,
714 2083 860 2164 tegeret,
875 2063 1008 2140 habitu·

61 2174 134 2272 dine
156 2174 301 2249 robusta.
330 2177 501 2274 Equitavit
526 2175 777 2273 ambulavitque
802 2174 1008 2268 plurimum,
1034 2261 1040 2286 Ι

62 2283 222 2384 armisque,
241 2285 423 2381 &pilose
444 2286 571 2387 semper
591 2286 756 2361 exercuit.
780 2287 914 2356 Venatu
941 2281 1009 2354 sre-
1090 2275 1093 2283 “

62 2392 266 2485 quentiffime
284 2394 418 2470 leonem
432 2419 533 2472 manu
548 2399 603 2472 sua
616 2398 752 2471 occidit.
765 2395 934 2468 Venando
949 2416 1009 2464 au·

62 2517 122 2574 tem
140 2501 292 2599 jugulum
312 2507 351 2580 δι
371 2529 494 2583 coxam
514 2507 623 2606 fregit.
643 2505 859 2580 venationem
883 2499 1017 2594 semper

63 2633 134 2682 cum
154 2612 270 2686 amicis
288 2615 512 2712 participavit
538 2621 576 2687 ln
602 2614 773 2689 convivio
798 2610 1008 2710 tragoedias,
1046 2633 1048 2642 ’

64 2720 264 2811 comoedias,
285 2722 472 2810 Atellanas,
487 2722 672 2813 sambucas,
687 2722 851 2808 ledones,
872 2740 1009 2816 poetas,

63 2851 122 2922 pro
143 2854 179 2901 re
204 2830 333 2927 semper
351 2833 519 2908 exhihuit.
545 2833 757 2908 Tiburtinam
783 2831 898 2905 villam
926 2830 1011 2902 mire

63 2939 303 3032 exaedificavit,
322 2943 367 3017 ita
387 2964 425 3018 ut
444 2943 482 3017 in
500 2969 538 3018 ea
558 2947 596 3020 δι
616 2942 869 3041 provinciarum
891 2940 931 3013 &
956 2937 1011 3012 lo·

63 3069 178 3118 cotum
198 3049 413 3124 'celeberrima
433 3050 572 3124 nomina
594 3049 805 3129 inscriberet:
821 3047 915 3120 velut
936 3049 1008 3143 Ly·
1143 3105 1146 3114 .

63 3177 173 3242 ceum,
193 3159 407 3232 Academiam
417 3214 430 3251 ,
442 3163 665 3260 Prytaneum
679 3162 880 3253 Canopum,
894 3158 1009 3232 Poeci·

64 3259 136 3355 len,
151 3267 304 3364 Tempe,
321 3287 471 3344 vocaret.
490 3273 597 3359 &‚ut
618 3268 704 3341 nihil
723 3268 1010 3364 praetermitteret,

63 3372 156 3446 etiam
176 3373 304 3450 inseror
329 3373 437 3450 linxit.
456 3375 554 3478 Signa
572 3375 691 3450 mortis
703 3376 776 3450 hacc
792 3375 919 3464 habuit.
940 3377 1010 3446 Na·

62 3481 116 3554 tali
139 3482 202 3558 suo
227 3485 376 3577 ultimo,
395 3511 471 3562 cum
493 3487 704 3574 Antoninum
734 3487 1012 3573 commendaret,

64 3609 221 3684 praetexta
241 3592 361 3692 sponte
380 3594 509 3692 delapsa
531 3613 628 3691 caput
646 3596 677 3666 ei
695 3594 835 3692 aperuit.
858 3595 1010 3681 Anulus,

63 3698 96 3773 in
119 3726 188 3798 quo
208 3704 321 3802 imago
333 3703 432 3802 ipsius
456 3703 581 3801 sculpta
595 3717 687 3795 erar,
709 3703 829 3802 sponte
846 3703 887 3775 de
905 3703 1012 3800 digito

64 3807 212 3909 delapsus
229 3813 290 3890 est.
301 3818 390 3890 Ante
402 3814 488 3896 diem
506 3817 623 3892 natalis
640 3813 736 3916 ejus,
757 3813 872 3902 nescio
884 3810 958 3910 quis
970 3813 1011 3884 ad
