2856 4824
383 358 454 452 ηε
541 355 1244 436 ntrttuupntutr.

379 515 497 608 urit,
519 511 639 587 additis
660 512 778 610 signis,
793 515 832 587 δι
849 512 1001 606 deliacis,
1021 517 1059 591 dc
1080 518 1242 594 omnibus
1264 539 1338 622 my&

376 629 480 706 ilicis.
497 629 534 698 ln
556 642 695 697 matrem
707 624 924 698 Mammaeatn
945 626 1046 702 unice
1059 629 1134 722 pius
1147 629 1232 720 fuit,
1246 634 1291 706 ita
1305 653 1336 708 ut

377 741 501 814 noma
513 735 549 807 in
567 731 697 807 Palatio
709 729 834 808 faceret
847 735 961 810 diaetas
978 735 1127 811 nominis
1143 743 1336 836 Mammea,

375 875 460 949 qutas
480 846 671 942 impetitum
688 845 810 945 vulgus
829 847 931 920 hodie
948 852 994 921 ad
1011 855 1189 924 Mammam
1202 877 1335 932 vocant.

374 965 418 1038 Et
429 963 464 1034 in
482 958 609 1055 baiano
621 957 781 1054 palatium
797 983 874 1032 cum
889 959 1025 1057 stagno,
1041 963 1137 1058 quod
1153 967 1334 1040 Mammaae

375 1071 517 1152 nomine
533 1065 703 1167 hodieque
723 1068 887 1144 censetur.
906 1066 999 1144 Fecit
1016 1069 1131 1142 &alia
1152 1071 1186 1144 in
1210 1074 1333 1168 Bajano

372 1207 479 1282 opera
500 1175 727 1278 magnificala
745 1178 914 1252 honorem
938 1178 1090 1252 affinium
1116 1181 1276 1271 suorum,
1296 1189 1332 1262 δι

371 1296 482 1394 llagna
500 1287 681 1386 simplum,
696 1285 837 1360 admisso
852 1286 945 1360 mari.
957 1289 1102 1373 Pontes,
1118 1314 1206 1387 quos
1216 1293 1331 1388 Traja-

372 1429 437 1480 nus
462 1401 610 1484 fecerat,
637 1395 834 1469 instauravit
854 1421 948 1492 paene
973 1397 1008 1470 in
1035 1401 1194 1475 omnibus
1223 1404 1330 1479 locis:

371 1517 505 1614 aliquos
528 1509 629 1584 etiam
652 1528 767 1580 novos
785 1504 899 1581 secitt
922 1507 977 1581 sed
997 1507 1185 1586 instauratis
1206 1537 1330 1590 nomen

365 1621 507 1716 ¹'l'tujani
526 1615 722 1692 reservavit.
831 1615 837 1660 ¹'

416 1733 564 1810 xxvtt.
578 1732 614 1800 lu
633 1724 750 1799 animo
766 1722 906 1813 habuit,
923 1725 1083 1820 omnibus
1092 1727 1215 1805 officiis
1227 1755 1329 1829 genus

367 1843 514 1918 vellium
538 1834 712 1933 proprium
736 1834 834 1921 dare,
855 1837 893 1908 δι
909 1835 1070 1910 omnibus
1094 1836 1328 1934 dignitatibus,

211 1990 214 1998 .
365 1970 406 2030 ut
425 1977 444 2025 a
462 1946 583 2022 vestitu
604 1940 900 2042 dignoscerentur:
916 1945 1122 2020 &omnibus
1141 1945 1250 2022 servis
1263 2003 1275 2036 ,
1290 1970 1327 2024 ut

365 2065 402 2142 in
427 2057 561 2158 populo
581 2054 712 2152 pollent
739 2051 899 2150 agnosci,
920 2077 963 2127 ne
983 2055 1059 2152 quis
1081 2055 1255 2132 seditiosus
1275 2062 1326 2134 es·

364 2175 433 2263 set,
453 2167 548 2243 simul
571 2190 614 2238 ne
638 2164 726 2238 servi
749 2165 903 2261 ingenuis
926 2165 1153 2240 miscerentur.
1172 2169 1236 2242 Sed
1259 2173 1325 2248 hoc
1398 2189 1408 2256 j

362 2283 517 2382 Ulplano
533 2276 705 2373 Pauloque
724 2276 908 2372 displicuit,
924 2277 1129 2368 dicentibus,
1144 2278 1326 2374 plurimum
1407 2285 1408 2308 ³

362 2397 513 2472 rixatum
533 2385 673 2476 sore,s1
693 2384 806 2458 faciles
821 2386 924 2460 essent
943 2386 1097 2462 homines
1113 2391 1155 2461 ad
1176 2389 1326 2483 injurias,

362 2509 454 2582 Tum
477 2500 552 2574 satis
573 2497 638 2572 else
656 2497 852 2587 constituit,
867 2519 904 2571 ut
919 2499 1054 2594 Equites
1071 2500 1217 2573 Romani
1231 2527 1250 2574 a
1264 2505 1326 2575 Se·
1405 2577 1409 2606 4

361 2611 538 2689 natoribus
567 2605 658 2682 clavi
687 2608 847 2705 qualitate
872 2607 1151 2684 discernerentur.
1178 2613 1326 2692 Paenulis
1408 2611 1409 2618 ’

231 2795 234 2799 .
359 2723 450 2802 intra
473 2719 601 2793 Urbem
624 2714 760 2812 frigoris
783 2715 878 2788 causa
898 2734 936 2788 ut
956 2715 1047 2788 senes
1061 2732 1236 2790 uterentur
1249 2745 1325 2816 per·

358 2832 468 2914 mistt,
485 2852 562 2902 cum
585 2825 619 2897 id
631 2824 823 2898 veslimenti
840 2849 943 2923 genus
963 2825 1093 2922 semper
1112 2827 1324 2902 itinerarium

357 2957 417 3014 aut
443 2936 568 3036 pluvia
594 2931 713 3006 fuisset.
739 2935 911 3008 Matronas
937 2957 1049 3006 tamen
1080 2934 1167 3008 intra
1189 2939 1324 3011 Urbem

215 3133 221 3141 g
318 3051 500 3151 Χ’ρεεηιιὶῐε
528 3045 578 3119 uti
607 3043 786 3134 vetuit,in
812 3043 933 3118 itinere
960 3044 1119 3139 permisit.
1143 3049 1323 3122 Facundiae
1408 3093 1409 3142 p

350 3159 422 3236 suit
444 3160 575 3230 Graece
594 3154 719 3251 magis,
734 3179 833 3252 quam
853 3153 1003 3243 Latinae,
1017 3179 1080 3227 nec
1095 3155 1194 3227 versu
1217 3159 1322 3232 inve·

352 3268 492 3356 nulius,
508 3267 544 3337 dt
567 3264 608 3335 ad
623 3261 778 3356 musicam
801 3257 949 3360 pronus,
964 3262 1152 3337 matheseos
1174 3265 1320 3360 peritus:
1408 3301 1409 3366 3

325 3463 326 3470 ἵ
350 3376 391 3450 ἂ
406 3375 451 3446 ita
465 3370 622 3470 quidem,
637 3389 674 3442 ut
694 3396 736 3441 ex
759 3369 830 3460 ejus
848 3370 931 3462 jussu
956 3371 1183 3444 mathematici
1205 3372 1321 3468 publi·
1408 3369 1409 3402 l

351 3505 393 3554 ce
413 3477 653 3575 proposuerint
671 3475 814 3563 Romae,
828 3499 869 3548 ac
892 3475 956 3549 srnt
979 3475 1135 3571 professi,
1150 3497 1188 3549 ut
1208 3481 1336 3552 doce·¹

349 3609 437 3664 sent.
452 3588 677 3686 Haruspicinae
693 3611 829 3683 quoque
843 3586 1055 3682 peritiffimus
1067 3587 1141 3663 suit.
1164 3593 1319 3678 &prensus-

347 3725 402 3774 noc
418 3723 580 3797 magnus,
596 3719 632 3770 ut
650 3701 689 3770 δι
709 3697 882 3770 Vascones
906 3697 1156 3792 Hispanorum,
1170 3699 1210 3771 δι
1225 3700 1318 3768 Pan·

182 3801 194 3816 ”
342 3811 536 3886 ooniorum
558 3831 698 3906 augures
717 3806 847 3887 vicerit.
869 3809 1102 3890 Geometriam
1119 3806 1214 3888 lecit.
1236 3809 1317 3908 pins
