2932 4824
1167 99 1217 132 ,Γ

385 293 452 392 ηε
548 291 1255 368 auriseturrtut.

379 433 1341 552 mmmmummmmmmmut

377 563 433 637 sus
451 582 618 660 preterea·
634 562 789 660 Aquilius
810 563 985 654 centurio,
1003 583 1106 638 notus
1128 564 1275 640 cedibus
1293 563 1310 648 s

377 675 541 764 natoriis,
565 672 625 770 qui
648 675 811 748 Severum
834 673 1014 747 occideret.
1043 674 1114 768 lpse
1142 693 1252 746 autem
1282 677 1338 751 lu·

375 781 488 858 lienus
507 780 731 878 praetorianos
755 782 791 854 in
810 807 965 879 campum
988 781 1106 855 deduci
1129 779 1247 875 jubet,
1268 807 1341 854 mu·

377 890 445 964 niri
470 909 601 967 turres:
623 891 678 967 sed
698 891 820 968 milites
834 892 958 966 desides
972 946 984 984 ,
998 893 1041 966 2&
1062 893 1190 971 urbana
1207 893 1339 968 luxuria
1436 917 1437 922 ’

376 999 577 1088 dissolutos,
597 1000 812 1078 invitissimos
825 1004 866 1078 ad
879 1000 1076 1078 exercitium
1095 1002 1241 1078 militare
1256 1027 1337 1100 pro·

372 1111 492 1201 duxit,
508 1112 553 1186 ita
570 1131 608 1186 ut
626 1113 774 1190 vicarios
790 1113 923 1210 operis,
935 1111 1033 1212 *quod
1052 1111 1238 1211 unicuique
1253 1139 1336 1212 prae·

372 1217 603 1308 scribebatur,
627 1223 779 1298 mercede
797 1223 1037 1297 conducerent.

408 1327 482 1404 'vt
500 1331 542 1403 Et
558 1333 701 1404 Severus
719 1331 857 1427 quidem
880 1331 922 1402 ad
946 1331 1074 1404 Urbem
1093 1328 1216 1436 infesto
1230 1329 1335 1430 agmi-

342 1486 354 1537 ·.
372 1438 417 1511 'ne
446 1439 624 1512 veniebat:
645 1440 699 1513 sed
722 1441 846 1513 Didius
869 1441 1014 1512 Julianus
1038 1439 1120 1524 nibil
1140 1463 1215 1512 cunr
1243 1463 1335 1512 ester·
1436 1437 1437 1446 ’

371 1549 442 1622 citu
461 1553 670 1645 praetoriano
690 1550 909 1646 proficiebat,
924 1577 1022 1646 quem
1050 1551 1203 1646 quotidie
1221 1565 1335 1645 popu*-

370 1659 423 1737 lus
438 1662 474 1734 δι
489 1659 591 1760 magis
614 1661 754 1747 oderat,
771 1663 809 1734 δι
832 1660 971 1733 ridebat.
983 1661 1052 1738 ,sed
1073 1659 1240 1744 lulianus,
1260 1661 1334 1755 spe,
1436 1753 1437 1756 Ἴ

315 1781 320 1790 ’
369 1793 448 1841 rans
465 1768 593 1843 Laetirm
619 1771 784 1845 fautorem
803 1770 940 1857 Severi,
961 1793 1114 1864 cumper
1130 1793 1205 1842 eum
1225 1771 1334 1844 Cotu-
1436 1853 1437 1866 χ

370 1880 468 1951 modi
493 1905 618 1954 manus,
638 1881 814 1967 evasrffet,
838 1879 987 1978 ingratus
1016 1897 1110 1954 tanto
1133 1877 1333 1971 beneficio,

367 1979 460 2079 ¹jussit
473 2011 548 2060 eum
567 1987 688 2060 occidi.
703 1985 791 2078 jnffit
804 1987 903 2060 etiam
919 1986 1080 2060 Marciam
1100 1984 1254 2062 interfici.
1270 1988 1333 2082 Sed

368 2092 448 2166 dum
472 2096 545 2170 haec
566 2095 632 2194 agit
655 2095 822 2184 lulianus,
836 2097 981 2170 Severus
1002 2097 1133 2172 classem
1150 2097 1332 2173 Ravenna·

366 2218 435 2277 rem
457 2227 629 2299 occupat:
649 2204 747 2301 legati
768 2205 929 2285 Senarus,
947 2205 1005 2300 qui
1020 2203 1154 2291 loliano
1165 2203 1299 2298 promis
1314 2241 1332 2260 ·

299 2333 302 2339 ’
365 2329 444 2384 rant
454 2336 591 2406 operam
607 2313 714 2416 suam,
733 2315 775 2386 ad
792 2313 953 2385 Severum
973 2313 1183 2388 transierunt.
1199 2315 1331 2388 Tullius

364 2421 566 2516 Crispinus,
591 2422 770 2501 Praefectus
798 2424 987 2518 praetorio,
1017 2442 1136 2497 contra
1165 2425 1328 2524 Severum

364 2531 500 2619 mitius,
522 2551 560 2604 ut
586 2533 716 2608 classem
743 2533 970 2627 produceret,
997 2531 1149 2626 repulsus
1181 2534 1327 2608 Romam

362 2635 475 2712 rediit.
497 2639 581 2712 Haec
607 2663 684 2712 cum
700 2639 848 2713 Julianus
871 2639 1029 2726 videret,
1042 2638 1202 2712 Senatum
1224 2663 1327 2738 roga·

361 2750 436 2839 vit,
456 2771 493 2822 ut
511 2750 660 2848 virgines
683 2751 828 2828 Vestales
851 2755 889 2826 δι
913 2752 1017 2826 ceteri
1037 2751 1223 2826 sacerdotes
1248 2779 1327 2835 cum

361 2862 487 2935 Senatu
502 2862 648 2936 obviam
657 2863 826 2936 exercitui
841 2863 959 2938 Severi
975 2861 1173 2957 prodirent,
1187 2864 1226 2936 δι
1239 2889 1325 2958 prae·

358 2974 461 3048 tentis
486 2975 602 3055 insulis
621 2992 801 3074 rogarent;
818 2975 918 3050 inane
939 2989 1057 3048 contra
1076 2974 1236 3056 barbaros
1258 2974 1323 3050 mi·

357 3085 436 3158 lites
462 3085 648 3184 praesidium
666 3113 795 3182 parans.
817 3089 900 3162 Haec
920 3105 1032 3163 tamen
1056 3086 1166 3185 agenti
1187 3085 1323 3162 loliano

357 3197 493 3274 Faustus
513 3197 715 3292 Quintillius
737 3198 933 3275 Consularis
959 3221 1063 3294 augur
1081 3193 1323 3280 eonnadixir,

356 3306 523 3396 asserens,
538 3330 610 3382 non
631 3307 751 3383 debere
772 3308 935 3404 imperare
953 3331 1051 3395 eum,
1067 3305 1126 3401 qui
1147 3300 1247 3378 armis
1261 3304 1321 3376 ad·

301 3409 303 3418 ’
355 3416 508 3502 versario
534 3440 606 3490 non
631 3417 736 3512 pollet
765 3416 920 3492 resistere.
948 3413 1004 3488 cui
1024 3412 1120 3488 multi
1144 3416 1322 3503 Senatores

355 3526 607 3602 consenserunt.
621 3529 737 3620 Quare
755 3527 855 3598 iratus
872 3523 1016 3616 Didius,
1036 3525 1158 3597 milites
1173 3521 1324 3597 ecastris

352 3637 478 3732 petiit,
504 3637 563 3733 qui
582 3622 737 3710 Senatum
759 3637 805 3709 ad
830 3635 1030 3732 obsequium
1056 3652 1241 3732 cogerent,
1262 3648 1319 3708 aut

351 3743 608 3826 obtruncarent.
636 3745 703 3822 Sed
727 3744 763 3822 id
790 3745 969 3826 consilium
1001 3741 1177 3842 displicuit.
1208 3752 1331 3844 ucqur‘
