2884 4828
242 313 921 442 'peartutxtueuuatou
1025 377 1093 462 ης
1210 393 1212 398 -

86 586 88 598 ·
122 549 252 607 ventre
268 527 487 627 prominulo,
504 526 625 600 {latura
647 522 882 622 imperatoria,
897 521 1096 620 eloquentia

122 633 321 729 mediocri,
341 640 379 712 δι
406 636 511 734 magis
530 635 671 709 blundus
694 657 796 730 quam
820 631 1003 729 benignus,
1028 656 1095 708 neo

124 771 284 844 unquam
308 745 452 820 creditus
474 744 623 848 fimplex.
643 744 685 814 Et
709 767 785 815 cum
810 741 925 814 verbis
946 742 1024 815 effer
1043 742 1096 820 ase

123 855 262 943 fabilis,
276 879 311 927 re
330 871 401 926 erat
421 852 591 925 illiberalis
611 877 649 925 ac
664 850 772 948 prope
795 849 965 934 sordidus,
979 867 1018 922 ut
1042 847 1095 920 di-

123 963 283 1036 midiatas
305 963 445 1037 lullucas
472 962 674 1036 &carduos
699 961 733 1032 in
760 961 889 1056 privata
914 949 1097 1034 vita‘con·

125 1075 228 1148 vivis
244 1094 454 1172 apponeret:
476 1076 515 1148 δι
527 1127 540 1162 ,
557 1075 619 1148 nist
635 1074 729 1170 quod
757 1073 886 1148 millum
910 1074 989 1148 ellet
1010 1075 1097 1151 edua

126 1184 237 1273 lium,
253 1200 430 1279 quotquot
452 1183 554 1254 ellent
575 1181 693 1262 amici,
714 1203 843 1254 novem
865 1183 967 1256 libras
987 1182 1098 1262 carnis,

125 1317 193 1388 per
215 1311 280 1364 tres
299 1289 413 1362 miffus
431 1289 590 1382 ponebat.
613 1289 763 1360 staurem
783 1288 860 1382 plus
878 1289 1004 1384 aliquid
1022 1288 1099 1362 mis·

124 1399 208 1471 sum
237 1396 335 1484 ellet,
350 1395 458 1470 *etiam
487 1397 524 1469 in
551 1395 654 1468 alium
680 1394 768 1468 diem
799 1393 993 1491 differebat,
1019 1423 1099 1472 cum
1186 1477 1189 1490 k

125 1506 265 1602 semper
287 1505 329 1577 ad
353 1503 559 1587 conuiuium
581 1504 707 1576 multos
737 1523 887 1577 vocaret.
908 1509 1099 1601 ,lmperator

127 1615 256 1703 etiam,
275 1613 300 1686 fi
322 1613 391 1688 sure
413 1611 575 1686 convivia
597 1611 696 1701 effer,
717 1613 833 1686 eadem
854 1614 1099 1688 consuetudine

37 445 47 479 Ι

128 1724 331 1800 coenitabat.
351 1721 477 1803 Amicis
502 1722 526 1794 st
547 1723 684 1820 quaudo
703 1723 744 1797 de
768 1723 909 1819 prandio
930 1724 993 1798 suo
1017 1726 1101 1802 mite·

96 1827 100 1833 ’
130 1857 206 1910 tere
229 1835 366 1921 voluit,
379 1833 465 1908 mistt
483 1830 605 1908 offulas
620 1833 714 1908 binas
726 1887 738 1922 ‚
751 1854 807 1906 aut
830 1834 934 1909 omdst
951 1857 1101 1932 partem,

73 2028 75 2032 ¹
131 1947 319 2046 aliquando
341 1945 475 2020 lumbos
492 1944 705 2044 gallinaceos.
724 1945 896 2020 Fasrattum
926 1972 1101 2044 nunquam

133 2058 277 2152 privato
300 2055 484 2156 convivio·
500 2055 668 2142 comedit,
692 2072 748 2134 aut
768 2055 867 2128 alicui
890 2055 985 2155 misu.
1010 2061 1101 2134 Cum
1172 2066 1176 2074 '

133 2157 203 2240 sine
234 2166 348 2240 amicis
376 2185 547 2252 coenaret,
574 2165 753 2252 adhibebat
777 2189 919 2238 uxorem
949 2167 1039 2240 suam
1062 2173 1101 2248 δι
1199 2161 1202 2169 ’

134 2275 379 2361 Valerianum
402 2296 438 2347 ut
458 2299 534 2348 cum
553 2274 697 2360 eodem,
719 2274 778 2371 qui
798 2277 962 2376 docuerat
971 2330 982 2363 ,
1001 2275 1101 2350 fabu-

134 2387 184 2462 las
196 2387 343 2461 literatas
358 2385 503 2468 haberet.
519 2386 604 2458 Sane
617 2385 746 2458 nullum
761 2411 802 2458 ex
814 2386 873 2476 iis,
888 2405 975 2482 quos
992 2390 1102 2462 Com·
1186 2467 1198 2490 μ

135 2497 262 2570 modus
278 2497 378 2568 rebus
395 2495 530 2594 agendis
550 2493 776 2588 imposuerat,
802 2496 944 2566 muravit
957 2549 967 2582 ‚
982 2497 1101 2592 exspe-

136 2606 232 2678 trans
253 2603 355 2678 Urbis
372 2605 538 2689 natalem,
558 2603 652 2698 qnod
670 2628 747 2676 eum
769 2603 855 2674 diem
878 2627 985 2676 rerum
1008 2609 1102 2701 prin·

136 2715 268 2814 cipiunt
293 2711 435 2792 volebat,
456 2710 539 2782 effer
564 2729 663 2805 atque
687 2711 766 2785 ideo
790 2711 888 2782 etiam
916 2711 952 2782 in
973 2713 1103 2790 balneis

137 2818 428 2894 eiCommodiuni
444 2817 585 2900 ministri
599 2817 714 2891 necer'u
732 2819 1033 2912 paralle‘dicuntur.

187 2932 282 3005 Xlll.
297 2926 476 3023 Imperium
496 2931 534 3004 δι
551 2929 667 3002 omnia
687 2927 871 3022 imperialia
892 2929 935 3000 stc
950 2931 1103 3022 horruit,

141 3058 179 3112 ut
207 3039 270 3112 fibi
294 3035 423 3131 semper
448 3035 636 3108 ostenderet
660 3033 844 3127 displicere.
868 3034 1011 3132 denique
1031 3047 1104 3114 don
1147 3051 1156 3070 ⁰

142 3147 247 3220 alium
268 3145 324 3232 so,
347 3169 449 3240 quam
463 3143 592 3229 fuerat,
607 3141 717 3217 videri
738 3142 887 3220 volebat.
905 3145 978 3217 Fuit
992 3147 1026 3218 iri
1041 3174 1103 3220 cu·

144 3239 192 3330 ria
220 3244 599 3342 honor'ificenrufimus,
616 3254 660 3324 ita
689 3271 726 3324 ut
748 3255 904 3334 Senatum
931 3255 1105 3334 faventem

147 3367 320 3454 adoraret,
334 3367 372 3438 δί
385 3364 475 3461 quast
490 3363 665 3437 Praefeclus
681 3362 765 3438 Urbi
778 3389 856 3436 cum
869 3368 1027 3438 omnibus
1041 3369 1105 3440 ser·

145 3499 285 3548 monem
307 3474 530 3568 participaret.
545 3472 669 3545 Voluit
689 3471 787 3544 etiam
805 3473 983 3566 imperium
999 3478 1107 3568 depo·
1144 3483 1148 3491 '

150 3603 249 3675 nere,
271 3601 370 3680 atque
392 3584 435 3654 ad
459 3584 625 3678 privatam
646 3581 752 3654 vitam
772 3579 889 3652 redire.
909 3582 1009 3654 Filios
1031 3583 1108 3658 suos
1176 3603 1178 3606 ’
1259 3571 1264 3594 ’
1384 3656 1387 3667 ,

150 3689 185 3770 in
197 3688 329 3778 Palatio
345 3688 464 3762 nutriri
482 3690 601 3762 noluit.
617 3691 701 3762 Tam
721 3711 844 3782 parcus
858 3707 969 3768 autem
987 3693 1026 3760 dc
1039 3709 1106 3764 tem
1159 3783 1164 3793 Ι

153 3791 237 3870 lucri
258 3798 397 3889 cupidus
418 3799 505 3890 fuir,
522 3821 558 3874 ut
580 3799 668 3897 apud
689 3795 923 3878 vada—Sabatia
946 3815 1109 3902 mercatu,

227 3913 357 4003 Scriptt.
380 3913 429 3986 Ha
448 3918 494 3988 A.
592 3919 596 3923 ’
882 3909 897 3978 Ι
