2884 4828
336 351 378 417 72
510 327 672 399 tutti
709 316 1094 400 cnarrontut

333 466 426 562 nino
438 489 642 566 adventaret.
660 489 716 562 sed
734 487 864 564 Gallius
883 489 989 564 statim
1010 489 1206 566 intersedus
1228 492 1290 568 est.

334 621 434 698 caput
454 601 526 696 ejus
548 604 684 677 allatum
705 602 752 674 est
774 602 815 674 ad
836 601 1060 676 Antoninum.
1085 605 1219 678 Marcus
1240 621 1293 674 ta·

335 734 412 781 men
435 733 506 782 non
535 708 714 782 exsultavit
735 707 1111 799 intersedione'Caffii,
1125 723 1293 806 caputque

337 817 409 911 ejus
423 817 552 890 humari
568 815 668 910 jussit.
689 814 891 890 Maecianum
906 817 1032 907 etiam,
1052 816 1295 906 tiliamenti,

338 928 394 1000 cui
418 925 622 1003 Alexandria
643 943 714 999 erat
735 925 931 1015 commissa,
949 928 1116 1002 exercitus
1139 928 1296 1002 occidit:

338 1062 415 1112 narn
428 1040 465 1110 δι
481 1034 675 1132 presedium
696 1036 860 1130 praetorio
873 1035 1086 1125 srbifecerat.
1103 1036 1162 1133 qui
1175 1039 1213 1110 δι
1226 1035 1298 1132 ipse

339 1143 473 1218 occisus
494 1141 551 1218 est.
570 1147 609 1216 In
625 1145 782 1218 conscios
797 1143 994 1218 defedionis
1016 1141 1125 1218 vetuit
1139 1145 1300 1221 Senatum

340 1255 488 1352 graviter
505 1254 689 1330 vindicare.
701 1255 795 1330 simul
810 1257 926 1352 periit,
937 1285 975 1328 nc
990 1261 1061 1351 quis
1075 1261 1211 1328 Senator
1220 1280 1300 1328 rem·

318 1394 411 1460 'pore
429 1367 627 1463 principatus
645 1367 700 1457 sui
723 1371 922 1454 occideretur,
943 1389 985 1438 ne
1003 1363 1074 1459 ejus
1091 1363 1302 1460 pollueretur

342 1474 534 1572 imperium.
553 1499 614 1548 eos
634 1476 755 1562 etiam,
771 1475 831 1570 qui
846 1472 1015 1568 deportati
1032 1472 1181 1561 fererant,
1196 1496 1301 1545 revo-

341 1587 413 1656 cari
437 1585 552 1678 jussum
578 1609 655 1658 curn
676 1581 860 1678 paucissimi
880 1582 1097 1658 centuriones
1115 1581 1225 1678 capite
1250 1580 1305 1654 es-

343 1689 414 1764 sent
433 1691 553 1786 puniti.
574 1690 712 1788 Ignovit
726 1694 764 1768 &
778 1690 991 1778 civitatibus,
1005 1717 1082 1788 quae
1092 1689 1204 1766 Cassio
1218 1714 1305 1765 con·

343 1801 531 1874 senserant:
561 1801 695 1898 ignovit
722 1801 1029 1890 Antiochensibus,
1055 1801 1114 1897 qui
1142 1801 1244 1874 mult-a
1265 1801 1303 1872 in

345 1913 498 1984 Marcum
519 1933 583 2007 pro
604 1911 716 1984 Cassio
738 1912 903 1986 dixerant.
926 1912 1048 2008 quibus
1063 1914 1101 1986 δι
1122 1911 1303 2008 spedacula

348 2024 387 2094 dc
414 2045 607 2096 conventus
628 2025 783 2120 publicos
806 2024 954 2114 tulerat,
977 2030 1015 2100 δι
1037 2025 1189 2100 omniurn
1217 2049 1305 2100 con·
1420 2029 1421 2032 ’

347 2132 486 2202 cionum
511 2155 634 2229 genus3
660 2153 778 2208 contra
798 2160 886 2231 quos
905 2135 1050 2208 edilium
1075 2129 1304 2234 gta'villimum

337 2244 450 2335 misr„
461 2247 643 2318 Seditiosos
656 2267 767 2320 autem
783 2271 843 2319 eos
857 2247 1020 2320 &oratio
1034 2244 1140 2317 Marci
1156 2243 1304 2326 indicat,

349 2353 486 2424 inditaa
504 2354 615 2426 Mario
637 2351 812 2439 Maximo,
826 2380 891 2450 qua
905 2354 958 2425 ille
971 2354 1045 2426 ulus
1060 2353 1106 2426 est
1120 2353 1208 2447 apud
1221 2352 1305 2423 ami·

349 2488 421 2538 cos.
440 2464 598 2560 Denique
622 2463 733 2536 noluit
754 2462 971 2536 Antiochiam
988 2463 1125 2548 videre,·
1141 2485 1216 2532 cum
1241 2462 1306 2558 Sy·

349 2573 433 2646 riam
453 2593 590 2670 peteret.
607 2599 683 2646 nam
706 2598 767 2646 nec
788 2574 946 2670 Cyprum
967 2569 1079 2644 voluit
1098 2567 1240 2657 videre,
1262 2594 1306 2640 ert

349 2706 417 2778 qua
439 2683 665 2756 erarcaffius.
689 2683 764 2752 Fuit
785 2677 1215 2769 Alexandriae,clementer
1229 2687 1306 2751 cum

350 2790 392 2862 iis
410 2813 521 2884 agens.
540 2788 653 2881 postea
667 2807 779 2861 tamen
799 2788 1018 2862 Antiochiam
1037 2787 1141 2860 vidit:

391 2901 527 2972 'xxvt
547 2897 655 2968 Multa
676 2899 743 2994 egit
762 2923 839 2972 cum
865 2898 1017 2994 regibus,
1032 2901 1197 2994 &pacem
1221 2921 1307 2972 con·

349 3005 500 3078 firmavit
525 3003 584 3076 fibi
605 3005 864 3081 occurrentibus
887 3005 1015 3080 cunctis
1041 3006 1173 3103 regibus
1199 3008 1238 3080 dc
1262 3007 1306 3077 le·

350 3112 431 3212 gatis
445 3111 624 3184 Persarum.
637 3115 796 3188 omnibus
809 3114 1041 3210 Orientalibus
1054 3113 1241 3211 provinciis
1255 3140 1306 3188 ca·

263 3301 264 3308 ¹
351 3221 490 3296 riffimus
512 3223 585 3296 fuit.
608 3225 699 3319 apud
720 3225 838 3298 multas
853 3225 953 3300 etiam
975 3223 1198 3320 philosophie
1212 3223 1308 3296 vesli-

353 3333 406 3430 gia
426 3333 571 3430 reliquit.
592 3335 690 3432 Apud
706 3335 891 3432 -AEgyptios
915 3334 1026 3410 civem
1047 3331 1078 3406 se
1100 3332 1218 3431 egit&
1236 3330 1319 3431 phi·¹

352 3441 533 3537 losophum
560 3441 594 3512 in
621 3443 779 3516 omnibus
803 3442 934 3529 studiis,
956 3440 1114 3536 templis,
1143 3437 1241 3512 locis.
1269 3441 1310 3510 Et
1354 3477 1357 3482 ,

351 3575 429 3623 cum
442 3550 545 3624 multa
568 3550 791 3626 Alexandrini
807 3549 842 3621 in
858 3549 1005 3643 Cassium
1017 3546 1172 3624 dixissent
1185 3545 1308 3629 fausta,

352 3679 463 3734 tamen
486 3663 643 3734 omnibus
663 3659 813 3757 ignovit,
836 3660 873 3734 δι
901 3646 1003 3732 liliam
1029 3658 1120 3732 suam
1141 3656 1236 3752 apud
1251 3678 1310 3728 eos
1377 3707 1383 3728 .

348 3771 496 3872 reliquit.
517 3772 700 3851 Faustinam
720 3769 810 3847 suam
831 3770 866 3845 in
890 3769 1056 3847 radicibus
1074 3767 1200 3876 montis
1215 3767 1308 3844 Tau·
