2856 4824
377 299 446 376 ³04
539 253 1190 348 AELt'ttnMPntott

375 436 493 526 nebat,
508 435 678 535 ingressus,
695 435 941 510 dormientibus
952 434 1100 524 tundis,
1115 435 1191 510 solo
1207 456 1342 513 tantum

98 629 100 636 Ι
376 549 582 640 Imperatore
603 543 855 641 intervigilante
866 543 955 616 visus
965 543 1013 615 est
1022 557 1036 615 ἰ
1054 544 1110 618 cui
1129 546 1341 638 Alexander,

228 740 242 762 α
381 655 476 749 Quid
490 653 549 754 est,
571 651 698 748 inquit,
717 656 971 726 eonmbemalt's?
985 655 1074 724 Num
1088 643 1212 747 aliquid
1231 660 1269 727 dr
1283 660 1342 728 bo·

365 768 469 867 stibus
486 767 643 837 nuntias?
659 766 702 836 At
715 763 772 835 ille
793 782 884 836 metu
903 764 1118 860 perterritus,
1135 768 1172 838 bt
1184 765 1342 860 sperans.

376 897 450 948 nott
478 873 571 969 polle
592 873 763 962 evadere,
786 873 880 970 quod
902 872 938 946 in
961 872 1149 946 tentorium
1173 873 1343 972 Principis

249 1015 251 1022 ’
376 983 540 1072 irruisset,
562 985 604 1056 ad
623 983 880 1058 contubernales
906 983 984 1057 suos
1010 983 1126 1070 uenit,
1153 985 1279 1081 eosque
1298 983 1343 1060 ad

377 1097 499 1167 durum
530 1092 722 1189 Principem
746 1085 1007 1167 interimendum
1038 1096 1238 1168 exhortatus
1270 1096 1341 1170 ella

375 1202 436 1299 qui
458 1201 569 1276 subito
594 1202 704 1300 plures
735 1203 919 1299 armatique
948 1202 1108 1299 ingressi,
1133 1204 1277 1279 inermes
1302 1207 1342 1280 δι

377 1310 576 1386 obsistentes
605 1330 951 1400 contruncaverunt,
982 1311 1158 1410 ipsumque
1188 1315 1342 1409 pluribus

227 1509 231 1520 ι
378 1419 498 1494 islibus
517 1419 759 1494 confoderunt.
786 1419 904 1520 Aliqui
929 1421 1068 1511 dicunt,
1088 1423 1235 1498 omnino
1256 1425 1342 1497 nihil
1396 1473 1399 1510 4

379 1530 531 1625 dietum,
554 1530 610 1604 sed
630 1550 759 1604 tanturn
787 1556 807 1604 a
828 1531 991 1604 militibus
1016 1533 1217 1623 clamatum,
1244 1541 1342 1624 Exi,

379 1644 503 1712 recede:
523 1656 623 1760 atque
640 1637 687 1712 ita
710 1640 983 1744 obtruncatum
973 1664 1133 1764 juvenem
1160 1643 1342 1739 optimum

334 1744 342 1758 ⁴
380 1747 479 1820 Sed
498 1747 612 1820 omnis
627 1737 803 1844 apparatus
824 1747 977 1822 militaris
987 1751 1071 1847 ‚qui
1093 1750 1205 1846 postea
1219 1751 1266 1824 esl
1279 1751 1341 1822 du·

381 1855 487 1930 slus'
477 1879 513 1928 tn
541 1857 759 1930 Germaniam
778 1881 798 1930 a
816 1849 1027 1956 MaximinO,
1049 1861 1228 1932 Alexandri
1251 1860 1342 1949 fuit,

380 1968 419 2038 δι
433 1962 620 2060 potissimus
630 1964 774 2088 quidem·
781 1989 840 2060 per
849 1967 1052 2056 Armenios,
1062 1968 1099 2040 δι
1114 1967 1341 2056 Osdroenos,

381 2076 419 2150 δι
440 2072 603 2163 Parthos,
624 2076 662 2148 dt
679 2074 792 2148 omnis
811 2075 940 2172 generis
959 2075 1146 2150 hominum.

430 2183 533 2256 LXll.
562 2182 779 2256 Contemfisle
811 2184 1043 2257 Alexandrum
1071 2201 1237 2273 mortem,
1266 2207 1341 2260 cunt

380 2291 541 2368 ferocitas
557 2293 699 2384 mentis,
717 2319 784 2391 qua
800 2293 942 2367 militem
964 2292 1094 2389 semper
1107 2294 1258 2382 attritis,
1271 2312 1344 2367 tunt
1398 2311 1399 2359 l

380 2402 482 2478 etiam
500 2401 556 2476 illa
570 2403 751 2479 declarant.
766 2402 999 2502 Thrasybulus
1019 2403 1272 2476 mathematicus
1295 2403 1343 2478 illi

342 2553 347 2563 ›
382 2512 596 2586 amicissimus
615 2513 700 2586 sitit.
719 2515 779 2610 qui
799 2539 876 2588 cunt
898 2539 928 2587 et
915 2511 1100 2598 dixiffet,
1120 2511 1345 2586 neceffitatem

382 2619 468 2709 elle,
478 2639 515 2694 ιιι
529 2621 827 2716 gladiobarbarico
842 2623 985 2718 periret,
1002 2620 1114 2716 primo
1129 2620 1260 2694 letatus
1276 2618 1344 2718 eli,

381 2729 478 2824 quod
493 2729 552 2801 sibi
569 2749 715 2802 mortem
734 2729 889 2803 bellicam
910 2730 971 2804 δι
963 2703 1213 2825 tmperatoriatn
1228 2711 1344 2806 crede·

382 2855 435 2911 ret
452 2837 643 2912 imminere.
658 2839 780 2912 deinde
797 2838 999 2936 disputavit,
1010 2839 1245 2937 ostenditque,
1255 2840 1345 2936 opti·

381 2971 460 3020 mos
480 2947 632 3045 quosque
654 2947 804 3021 violenta
825 2967 933 3020 morte
952 2949 1181 3034 consumtost
1195 2971 1274 3020 cunt
1295 2945 1344 3019 di·

384 3073 499 3142 ceret,
516 3053 625 3151 ipsum
647 3057 901 3138 Alexandrum,
919 3055 1015 3151 cujus
1040 3080 1167 3128 nomen
1191 3073 1344 3144 teneret,

384 3159 612 3257 Pompeium,
632 3163 825 3260 Caesarem,
854 3163 1149 3254 Demosthenem,
1169 3162 1344 3251 Tullium,

384 3273 423 3346 δι
438 3288 569 3344 ceteros
587 3263 729 3369 insignes
750 3273 869 3359 viros,
887 3297 959 3346 non
975 3275 1091 3368 quieta
1108 3289 1217 3344 morte
1235 3293 1345 3367 oppe-

385 3379 476 3464 tisse3
494 3395 691 3474 tantumque
712 3380 815 3454 animi
833 3381 968 3470 habuit,
994 3400 1033 3454 ut
1060 3396 1191 3475 putaret
1216 3382 1250 3454 se
1270 3378 1344 3452 Diis

239 3551 244 3559 .
386 3489 699 3584 comparandum,s1
715 3488 751 3560 in
764 3491 856 3564 bello
868 3491 1013 3587 periret:
1029 3491 1083 3563 sed
1097 3513 1148 3564 res
1158 3514 1235 3564 eum
1252 3488 1343 3563 sefel-

306 3617 309 3624 ·
387 3598 438 3672 lit.
452 3598 539 3670 Nam
552 3600 590 3674 dt
604 3598 719 3696 gladio
727 3600 907 3676 barbarico
919 3654 931 3690 ‚
945 3601 983 3674 δι
1000 3598 1122 3673 scurra
1132 3587 1266 3672 barbari
1278 3621 1342 3670 ma·

361 3806 364 3812 Ι
387 3732 594 3799 nunvetutn
608 3709 729 3786 nonin
749 3699 934 3839 b'ellosssed
951 3709 1225 3808 bellitempore,
1239 3707 1344 3806 periit.
