2782 4814
261 338 913 460 pectusveuus.¹
1010 300 1205 436 „]'

2 565 3 596 ζ
95 483 208 587 tione,
225 521 292 595 qua
308 497 340 570 le
357 495 558 570 existimaret
576 494 710 590 juvari,
728 496 888 570 Kalendis
906 485 983 593 ipsis
998 503 1052 573 la··
1080 525 1082 532 ’

2 603 3 694 i
95 607 220 682 nuariis
237 606 346 703 periit.
357 606 523 704 juliusque
541 606 583 678 ab
596 606 793 699 Hadriane,
810 607 890 704 quia
901 627 984 684 vota
1000 612 1053 683 in·

2 767 3 814 4
94 718 350 807 terreniebant,
371 741 443 788 non
464 715 579 811 lugeri.
615 761 619 774 .
683 727 685 732 '

143 827 187 895 V.
211 822 361 896 Fuit'hic
382 822 463 898 vitae
487 821 680 910 laetiffimae,
696 823 849 906 ¹eruditus
872 823 907 896 in
932 825 1056 916 literis,

96 933 270 1006 Hadriano
299 931 355 1032 (ut
375 933 539 1007 malevoli
558 933 764 1032 loquuntur)
785 935 959 1032 acceptior
982 937 1056 1010 for·
1092 950 1095 958 ’

95 1067 167 1130 rna,
182 1063 291 1138 quam
314 1041 477 1115 moribus.
499 1047 537 1114 ln
560 1041 635 1116 aula
657 1041 714 1115 diu
736 1067 808 1116 non
829 1043 937 1118 fuir·
900 1071 964 1118 ·1n
985 1048 1055 1120 vita

61 1173 66 1180 ’
94 1153 245 1246 privata,
259 1151 317 1226 etsr
334 1150 447 1222 minus
466 1149 727 1254 probabilis,'
684 1177 795 1242 minus
813 1169 924 1226 tamen
940 1179 1055 1252 repre-

94 1254 314 1352 ltendendus,
334 1287 374 1335 ac
397 1287 529 1334 memor
553 1249 690 1335 familiae
712 1264 798 1336 suae:
820 1283 972 1354 comtus,
994 1269 1056 1339 de

94 1397 199 1448 corus
209 1363 491 1468 ‚pulchritudinis
513 1370 635 1468 regiae,
662 1372 732 1443 oris
758 1355 960 1462 venerandi,
978 1375 1057 1448 elo·
1063 1359 1078 1368 N

93 1483 242 1580 quentiae
255 1480 431 1571 celsioris,
445 1479 541 1554 versu
566 1479 741 1570 facilis,in
762 1481 934 1578 republica
954 1485 1055 1558 etiarn
1102 1573 1105 1583 Ι

2 1589 3 1592 '
95 1619 167 1667 non
182 1587 322 1670 inutilis.
336 1591 445 1687 Hujus
459 1589 654 1688 voluptates
665 1591 707 1664 ab
720 1589 780 1680 iis,
791 1589 852 1686 qui
864 1591 971 1666 vitam
983 1593 1070 1686 ejusx

23 1717 24 1724 ’
95 1699 317 1798 scripserunt,
343 1699 457 1770 multae
485 1696 662 1784 feruntur;
685 1697 845 1794 equidem
867 1721 939 1771 non
967 1701 1056 1771 infa-

96 1835 184 1899 mes,
207 1808 263 1881 sed
278 1807 484 1903 aliquatenus
504 1805 702 1882 diffluentes.
719 1830 795 1880 nam
816 1811 1055 1904 tetrapharma-

95 1945 194 2002 cum,
208 1917 264 1992 seu
278 1917 393 2014 potius
407 1915 745 2015 pentapharmacum,
760 1939 830 2012 quo
843 1916 956 2012 pollea
970 1915 1057 1990 senr-

2 2106 3 2111 ,
96 2053 155 2126 per
174 2025 362 2100 Hadrianus
381 2023 546 2113 cll-usus,
559 2025 628 2122 ipse
650 2025 775 2098 dicitur
790 2025 966 2121 reperille3
987 2027 1055 2101 lroc

94 2137 162 2226 est,
179 2135 319 2224 sumen,
339 2131 723 2230 fafianum,pavonem,
739 2156 876 2228 pernam
892 2135 1056 2211 crustula-

95 2264 164 2318 tam
186 2247 225 2318 &
242 2265 436 2340 aprugnam.
453 2240 497 2312 de
515 2265 587 2339 quo
610 2265 731 2340 genere
749 2239 818 2315 cibi
837 2241 933 2315 aliter
955 2245 1057 2318 refert

95 2351 226 2426 Marius
239 2351 429 2439 Maximus,
444 2373 515 2424 non
530 2352 866 2446 pentapharmacum,
882 2351 1062 2423 sedterra-'·

96 2463 312 2558 pharmacum
325 2460 681 2558 appellanseut&nos
692 2459 752 2554 ipfi
764 2459 800 2530 in
812 2457 883 2551 ejus
896 2458 964 2530 vita
974 2484 1057 2556 pro·
1139 2525 1142 2532 ,

97 2571 199 2648 secuti
216 2569 341 2645 sumus.
363 2573 479 2642 Fertur
494 2567 596 2642 etiam
615 2566 706 2639 aliud
724 2589 841 2676 genus
838 2565 1073 2665 voluptatis,

98 2684 192 2795 quod
219 2685 346 2754 Verus
358 2679 548 2752 invenerat.
576 2701 653 2750 nam
686 2667 808 2748 ledum
832 2677 1056 2758 eminentibus

96 2807 242 2887 quatuor
258 2783 458 2860 anacliteriis
473 2783 619 2872 fecerat,
637 2782 770 2857 minuto
789 2784 934 2860 reticulo
956 2793 1057 2864 undi-

98 2923 162 2996 que
179 2895 368 2984 inclusum3
384 2919 529 2993 euntque
536 2892 635 2968 foliis
653 2895 757 2982 rosae,
769 2892 890 3004 quibus
905 2894 1055 2972 demtum
1133 2895 1137 2908 ²

91 3007 174 3083 ellet
195 3008 311 3083 album
321 3000 709 3103 ,replebat3jacensque
733 3029 811 3078 cum
834 3005 1055 3098 concubinis,

95 3117 267 3191 velamine
284 3117 326 3190 de
340 3115 417 3188 liliis
434 3113 524 3188 facio
537 3114 570 3187 se
588 3114 742 3212 tegebat,
755 3117 873 3188 undlus
889 3117 1057 3191 odoribus

94 3223 244 3302 Persicis.
258 3227 327 3300 Jarn
343 3225 401 3299 illa
412 3222 669 3322 frequentantur
682 3247 700 3296 a
717 3224 902 3316 nonnullis,
917 3228 1057 3323 quod&

94 3336 362 3412 accubitationes
375 3357 415 3409 ac
431 3332 558 3406 mensas
570 3333 612 3406 de
624 3332 708 3406 rofis
722 3357 761 3408 ac
776 3333 855 3406 liliis
870 3329 1007 3427 fecerit,
1020 3342 1058 3410 bc

92 3445 232 3544 quidem
248 3442 417 3542 purgatis:
434 3466 511 3542 quer
529 3441 587 3516 etsi
607 3464 680 3516 non
698 3443 841 3534 decora,
858 3466 930 3518 non
942 3462 1067 3526 tamen,

92 3556 137 3626 ad
158 3551 346 3652 perniciem
375 3552 544 3649 publicam
564 3569 699 3648 promta
724 3550 810 3624 sunt.
831 3553 945 3648 Atque
967 3551 1057 3623 idem

91 3655 221 3736 Ovidii
241 3660 349 3733 libros
373 3684 526 3734 amorum
558 3659 595 3730 in
622 3659 723 3744 lello‘
736 3658 864 3750 semper
888 3656 1056 3745 habuiller

89 3769 186 3848 idern
203 3769 414 3859 Martialem,
435 3767 747 3868 epigrammaticum
767 3787 926 3861 poetam,
940 3767 1055 3863 Virgiss

170 3883 301 3974 Scriptt.
325 3879 373 3954 H,
392 3884 437 3955 A.
631 3957 633 3966 x
812 3875 843 3944 C
926 3919 928 3922 -
