2856 4824
177 515 180 527 1
264 403 924 502 ALEXANDERSEVERUS.
968 421 1080 510 Ιἰς9

170 572 225 645 Ill.
243 568 462 642 Alexander
453 568 576 666 agitur,
592 568 648 643 cui
668 573 844 643 Mammea
866 587 971 644 mater
993 571 1081 664 fuit,

116 678 224 780 (narn
245 679 315 752 &
306 700 352 752 rta
372 679 493 752 dicitur
512 705 532 754 a
553 679 746 778 plerisque)
767 705 785 752 a
806 679 912 776 prima
938 680 1083 778 pueritia

116 786 539 870 artibusbonisimbutus,
561 805 629 860 tam
651 777 830 860 civilibus*
818 812 938 886 ,quam
959 789 1084 862 milita·

66 976 70 986 ,
117 895 239 986 ribus,
264 919 306 966 ne
327 919 431 989 unum
455 894 591 990 quidem
617 892 704 966 diem
727 893 847 990 sponte
866 895 922 968 sua
943 897 1084 972 transire

117 1007 232 1104 passirs
251 1007 315 1094 ert,
329 1031 401 1100 quo
418 1007 534 1078 senon
556 1009 593 1080 δι
608 1006 649 1080 ad
665 1005 796 1096 literas,
812 1009 848 1082 δι
867 1008 908 1080 ad
929 1008 1083 1082 militiam

117 1137 304 1194 exerceret.
323 1117 409 1188 Nam
427 1115 461 1185 in
483 1113 588 1211 prima
602 1115 743 1208 pueritia
757 1115 945 1190 literatores
965 1118 1084 1192 habuit

119 1229 298 1302 Valerium
315 1225 491 1312 Cordum,
511 1222 684 1296 &Titum
704 1226 904 1313 Veturium,
922 1229 1084 1307 &Aure-

119 1341 210 1414 lium
239 1334 432 1431 Philippum
460 1331 615 1404 libertum
641 1333 769 1428 patris,
793 1332 855 1430 qui
881 1323 983 1408 vitam
1012 1335 1086 1428 ejus
1175 1363 1179 1369 ·

121 1450 242 1549 postea
257 1445 292 1520 in
306 1447 417 1517 literas
428 1441 524 1516 misrt.
537 1442 803 1517 Grammaticum
819 1445 855 1516 in
869 1447 974 1541 patria
988 1447 1087 1519 Grae·

122 1586 206 1636 cum
230 1557 433 1643 Nehonem,
460 1552 630 1625 rhetorem
657 1552 902 1650 Serapionem,
930 1554 1087 1652 philoso-

122 1672 232 1768 phum
252 1664 453 1738 Stilionem:
475 1662 595 1746 Romo
614 1663 869 1759 grammaticos,
885 1665 1086 1739 Scaurinum

124 1776 278 1851 Scaurini
291 1774 418 1862 filiunt,
433 1773 605 1846 dodonem
622 1773 896 1848 celeberrimum:
912 1777 1087 1867 rhetores,

123 1890 144 1964 J
148 1886 252 1959 ulium
266 1882 481 1971 Frontinum,
490 1883 528 1956 δι
537 1881 684 1954 Baebium
695 1884 900 1974 Macrinum,
910 1887 946 1960 δι
958 1885 1085 1959 lulium

125 1979 479 2082 Granianum,'cujus
506 1991 675 2086 hodieque
703 1991 875 2064 orationes
896 1993 1087 2066 declamatae

125 2105 293 2178 feruntur.
316 2101 381 2172 Sed
403 2100 439 2169 in
458 2098 583 2171 Latinis
606 2123 677 2188 non
699 2099 843 2170 multum
865 2100 1029 2193 profecit,
1049 2120 1089 2175 ut

127 2241 173 2289 ex
186 2212 329 2308 ejusdem
343 2207 553 2297 orationibus
566 2223 723 2303 apparet,
735 2231 817 2302 quas
835 2207 870 2278 in
888 2209 1011 2282 Senatu
1026 2212 1090 2282 ha·

127 2323 232 2409 buit,
253 2321 309 2393 vel
330 2319 366 2391 in
383 2317 631 2405 concionibus,
647 2339 730 2411 quas
753 2317 841 2411 apud
862 2317 1010 2406 milites,
1030 2320 1089 2392 vel
1159 2355 1164 2366 ·

128 2436 223 2533 apud
238 2431 427 2531 populum:
450 2453 512 2502 nec
533 2429 632 2502 valde
652 2429 778 2502 amavit
798 2429 948 2501 Latinam
972 2429 1090 2503 facun-

129 2550 248 2631 diam,
271 2542 472 2618 redamavit
495 2541 644 2616 literatos
667 2539 847 2631 homines,
871 2539 1090 2620 vehementer

130 2680 194 2730 eos
214 2653 312 2726 etiam
334 2648 572 2736 reformidans,
585 2674 628 2722 ne
647 2649 728 2745 quid
746 2653 786 2723 de
801 2653 832 2724 se
845 2651 993 2746 asperum
1008 2655 1092 2730 scri-'

129 2769 262 2842 herent.
283 2761 443 2858 Denique
458 2781 518 2832 eos
530 2759 650 2859 dignos
668 2761 772 2834 adelle
788 2761 945 2856 jubebat:
962 2764 1091 2902 srngula
1177 2759 1181 2766 ’

131 2899 298 2982 quaeque,
318 2898 395 2970 quae
416 2871 551 2967 publice
565 2872 789 2969 priuatimque
811 2877 950 2972 agebat,
964 2849 996 2950 se
1016 2879 1092 2972 ipso

129 2988 299 3071 docente,
318 2981 457 3052 volebat
473 2980 657 3068 addiscere,
674 2981 697 3052 sr
718 2979 808 3054 forte
824 2981 884 3076 ipsr
899 3004 970 3055 non
986 2983 1093 3058 affuis-

131 3099 229 3184 sent,
251 3117 357 3190 eaque
386 3090 538 3190 petebat,
553 3109 613 3183 ut,
634 3092 657 3164 ti
677 3107 759 3166 tera
777 3091 935 3184 ellent,
923 3120 960 3166 m
980 3095 1092 3168 literas

131 3207 320 3283 mitterent.
538 3246 540 3259 t

202 3315 261 3384 lV.
284 3307 476 3384 Dominum
502 3309 533 3380 se
547 3308 710 3406 appellari
733 3309 853 3384 vetuit
868 3310 1033 3407 Epistolas
1051 3315 1094 3386 ad

71 3463 72 3468 κ
134 3423 171 3497 se
190 3420 282 3547 quast
306 3418 347 3492 ad
370 3417 546 3522 privatum
564 3419 660 3491 scribi
681 3417 792 3512 jullit,
810 3420 944 3492 servato
963 3435 1094 3492 tantum

135 3533 278 3608 nomine
291 3532 513 3634 Imperatoris.
525 3535 683 3605 Gemmas
695 3534 736 3604 de
749 3530 973 3605 calciamentis
985 3535 1022 3604 δι
1037 3557 1095 3602 ve·

136 3645 242 3717 stibus
255 3641 348 3727 tulit,
363 3640 483 3738 quibus
496 3640 570 3713 usus
587 3641 697 3714 fuerat
708 3639 963 3736 Heliogabalus:
986 3640 1095 3729 velle,

139 3771 178 3823 ut
201 3751 239 3822 δι
259 3747 428 3845 pingitur,
446 3749 520 3820 alba
542 3748 616 3820 usus
638 3747 704 3834 est,
723 3765 935 3831 necaurata3
955 3746 1096 3839 paenulis

140 3858 295 3958 togisque
318 3856 567 3933 communibus.
590 3859 680 3930 Cum
698 3854 819 3942 amicis
835 3874 902 3928 tam
922 3854 1097 3942 familiari·⁴

532 4000 534 4004 ¹
674 4011 678 4022 ·
790 3963 822 4035 R
849 3990 869 4036 2
