2782 4814
394 101 398 115 '
471 124 482 158 t

308 255 923 388 murusteuus‘.¹
1021 327 1065 410 35

3 457 5 478 '
109 493 204 553 nant,
221 483 260 542 ut
274 440 420 568 diximus
431 519 443 558 ,
455 471 572 544 lunius
592 468 738 556 erortr'u‘s
755 469 944 544 Commodus
968 474 1070 544 Verus

109 583 219 654 AElius
240 581 344 674 Cosar
357 577 374 676 (
383 601 458 653 nam
473 579 525 652 his
540 577 700 651 omnibus
713 576 906 654 nominibus
921 581 1068 677 appella·

110 706 161 762 tus
182 686 247 786 est)
266 686 381 784 periit:
398 679 608 784 sepultusque
627 685 674 760 est
689 685 912 782 imperatorio
930 687 1072 780 funere3

109 817 221 891 neque
243 793 428 894 quidquam
453 794 494 868 de
517 792 629 892 regia,
650 789 711 868 nisi
732 795 854 870 mortis
874 795 1000 870 habuit
1017 798 1070 870 di·

77 995 79 1004 ,
110 908 279 1003 gnitatem.
299 905 426 980 Doluit
448 931 531 1004 ergo
552 905 641 982 iliius
663 925 808 982 mortem
828 915 864 980 ut
883 909 1072 1005 bonoope-

111 1035 182 1105 ter,
197 1041 269 1090 non
290 1038 327 1090 ut
350 1018 462 1094 bonus
487 1017 658 1112 Princeps.
679 1032 756 1096 nuru
782 1041 859 1098 cum
882 1019 1074 1094 amiciret·

110 1123 196 1198 liciti
225 1144 435 1224 quererent,
459 1127 517 1223 qui
540 1126 694 1221 adoptari
724 1126 858 1222 poffet,
877 1129 1079 1202 Hadrianus·

109 1232 229 1305 dixisse
250 1233 356 1306 fertur
374 1233 428 1304 his
441 1287 452 1323 ,
465 1239 579 1306 Etiam
597 1239 715 1306 uiuente
735 1239 838 1307 adduc
864 1245 944 1309 Vero
967 1243 1071 1310 decre-

108 1369 218 1418 veram
237 1367 251 1416 t
272 1369 315 1416 ex
340 1367 412 1440 quo
439 1343 586 1418 ostendit
613 1343 854 1437 auricomum
876 1346 990 1434 suum,
1014 1364 1073 1420 aut

110 1452 286 1527 scientiam
309 1451 515 1526 futurorum.
538 1453 616 1527 Post
642 1453 734 1526 hunc
762 1454 908 1552 denique
932 1457 1076 1543 Hadria-

112 1587 199 1650 nus,
216 1561 274 1634 diu
293 1587 414 1658 anceps
437 1564 521 1662 quid
543 1563 686 1650 faceret,
704 1565 919 1636 Antoninum
934 1568 1075 1662 adopta·
1162 1636 1164 1640 .

114 1672 186 1760 vit,
198 1673 293 1744 Pium
310 1673 517 1770 cognomine
533 1671 821 1770 appellatumcui
840 1676 1075 1750 conditionem

3 1825 4 1828 =
114 1781 263 1871 addidit,
282 1800 320 1854 ut
332 1782 403 1876 ipse
419 1782 480 1855 sni
498 1786 651 1865 Marcum
670 1783 708 1856 &
729 1784 854 1855 Verum
875 1785 1074 1860 Antoninos

113 1893 313 1986 ‘adoptarem
333 1889 506 1990 filiamque
527 1891 617 1964 suam
638 1893 757 1978 Vero,
772 1915 843 1965 non
859 1896 998 1982 Marco,
1013 1895 1077 1970 dudv

117 2019 180 2074 ret.
197 2001 270 2074 Nec
291 2000 415 2076 diutius
433 2000 543 2091 vixit,
556 2018 713 2097 gravatus
727 2000 889 2099 languore
909 2028 946 2076 uc
961 2004 1079 2086 diver-1

3 2125 4 2128 ’
117 2110 160 2184 so
175 2135 297 2208 genere
318 2111 542 2196 morborum
558 2111 642 2206 saepe
659 2109 796 2197 dicens,
807 2112 929 2205 sanum
943 2115 1077 2188 Princin'

114 2251 186 2317 prm
201 2225 282 2294 mori
293 2227 415 2310 debere,
426 2233 499 2294 'uon
515 2225 651 2292 debilem.

158 2334 235 2404 vlt.
247 2332 374 2404 Statuas
383 2331 459 2404 'sane
476 2333 567 2404 AElio
582 2333 675 2402 Vero
688 2353 748 2424 per
760 2328 872 2402 toturn
886 2331 1004 2402 orbem
1017 2347 1078 2405 co·¹
1167 2341 1169 2347 ’
1273 2403 1275 2410 .

121 2441 244 2514 loffeas
263 2442 347 2536 poni
366 2440 477 2532 judit,
496 2441 621 2536 templa
635 2441 733 2512 etium
747 2439 781 2510 in
800 2439 973 2518 nonnullis
988 2443 1080 2516 urbi·

73 2596 85 2618 s
122 2551 183 2625 bus
199 2549 283 2623 fieri.
296 2550 457 2646 Denique
468 2549 558 2620 illins
571 2549 717 2635 merito,
730 2545 836 2618 filium
852 2546 921 2640 ejus
938 2544 1080 2642 Veium,

123 2677 284 2755 nepotem
304 2674 423 2748 utpote
441 2655 552 2743 suum,
568 2654 627 2752 qui
646 2671 806 2750 pereunte
827 2655 918 2728 AElio
937 2655 971 2727 in
986 2655 1087 2734 famu·

124 2767 167 2840 lia
187 2765 291 2865 ipfi-us
316 2762 460 2836 Hadiani
474 2763 700 2856 remanserat,
725 2763 952 2858 adoptandum
971 2767 1081 2840 Anto·
1177 2761 1179 2768 ’

125 2877 210 2948 nino
227 2875 292 2946 Pio
304 2899 380 2956 curn
401 2876 540 2960 Marco,
556 2892 594 2946 ut
606 2871 671 2966 jam
685 2872 848 2963 diximus,
867 2875 975 2962 dedit;
995 2876 1081 2974 saepe

127 2988 265 3072 dicens,
285 2988 412 3058 Habeat
430 2987 596 3080 respublica
609 2990 805 3080 quodcunque
818 2989 855 3055 dr
875 2986 965 3059 Vero.
985 2989 1081 3084 quod

125 3083 262 3192 quidem
279 3092 486 3165 contrarium
501 3092 575 3182 his,
592 3117 668 3188 quae
692 3094 733 3164 de
753 3091 946 3188 adoptionis
968 3098 1084 3192 poeni·

127 3203 231 3276 tentia
261 3225 321 3298 per
352 3201 504 3276 aunores
523 3203 686 3296 plurimos
708 3200 858 3273 intimata
873 3202 980 3290 ·sunt;
1004 3231 1083 3280 cum

129 3311 238 3384 Vetus
266 3309 432 3406 posterior
456 3310 539 3435 nihil
563 3309 699 3408 dignum
725 3327 843 3404 praeter
868 3311 1082 3387 clementiam

128 3424 162 3498 in
178 3422 331 3496 moribus
346 3422 520 3509 habuerit,
539 3422 633 3517 quod
647 3417 870 3514 imperatorie
882 3418 1016 3490 familiae
1027 3423 1084 3501 lu·¹

128 3559 207 3606 men
219 3531 361 3618 afferret.
374 3533 457 3603 Haec
468 3530 566 3617 sunt,
582 3553 657 3627 quae
671 3531 711 3600 de
730 3532 824 3600 Vero
840 3527 970 3598 Caesare
989 3545 1096 3606 man-t.
1124 3585 1129 3596 .

3 3697 5 3702 ·
128 3643 238 3715 danda
264 3640 367 3726 literis
391 3641 548 3713 fuorunt.'
563 3639 604 3709 de
626 3663 697 3734 quo
717 3637 852 3714 ,idcirco
879 3637 1087 3728 noni-tacui,

127 3750 207 3848 quia
227 3749 310 3824 mihi
329 3747 541 3846 propositum
556 3743 639 3837 fnit,
654 3769 792 3832 ornnes,
805 3741 863 3836 qui
883 3737 958 3835 post
976 3739 1089 3824 cesa,

578 3867 580 3874 ’
715 3913 717 3920 .
797 3852 875 3920 Cz'
972 3881 974 3886 v

860 4022 869 4041 ir
905 4031 914 4044 ,r

771 4050 773 4055 .
858 4047 868 4093 I·
906 4053 907 4074 ἶ
