2782 4814
311 309 339 384 8
460 311 632 384 ΕΒΗ
680 311 1116 386 SPARTIANI
1195 363 1200 399 ,

313 470 526 570 exarmavit;
550 469 678 546 Martio
704 457 891 558 Turbone,
912 469 1033 544 Judaeis
1052 470 1371 568 eompreffis,

316 580 360 650 ad
381 578 636 674 deprimendum
657 577 838 653 tumultum
866 577 1083 652 Mauritaniae
1104 579 1279 652 destinato.

1369 340 1371 418 i

315 686 395 761 Post
418 687 485 762 hoc
500 684 682 760 Antiochia
703 686 861 783 digreffus
875 685 920 758 est
934 685 976 758 ad
990 685 1210 784 inspiciendas
1226 711 1280 760 re·
1372 679 1373 700 ¹

315 796 439 894 liquias
459 797 618 888 Traiani,
633 822 715 894 quar
735 798 908 885 Attianus,
923 797 1057 876 Plotina
1076 801 1114 874 &
1142 798 1281 872 Matidia

318 907 524 982 deferebant.
539 893 675 999 Quibus
690 906 839 1002 exceptis
854 908 892 980 &
909 931 991 980 navi
981 907 1149 980 Romam
1169 907 1280 980 dimis·
1342 933 1347 949 ·

316 1015 377 1106 sts,
393 1017 464 1112 ipse
484 1015 700 1090 Antiochiam
714 1017 893 1114 regreffus,
906 1017 1156 1114 prepofitoque
1169 1017 1281 1117 Syriae
1374 1022 1375 1058 ³

317 1123 445 1196 Catilio
466 1126 616 1212 Severo,
630 1149 690 1220 per
711 1124 888 1224 illyricum
911 1127 1056 1200 Romam
1074 1125 1183 1200 venit.

367 1236 427 1306 Vt.
443 1233 595 1328 Trajano
610 1233 751 1309 divinos
769 1236 940 1323 honores,
957 1235 1042 1308 datis
1055 1236 1098 1308 ad
1110 1235 1283 1326 senatum,

318 1345 358 1418 δι
373 1345 508 1442 quidem
523 1345 792 1437 accuratiffimis,
807 1345 911 1418 literis
924 1345 1132 1441 postulavit,
1144 1347 1182 1420 δι
1197 1371 1284 1420 cun·

319 1455 381 1526 uis
405 1455 600 1529 volentibus
629 1453 780 1540 meruit,
793 1453 840 1526 ita
860 1475 897 1526 ut
913 1455 1047 1530 i'enatus
1067 1455 1171 1527 multa
1179 1475 1284 1550 ,qun

300 1541 511 1643 'Hadrianus
531 1585 604 1634 non
621 1560 900 1658 postulaverat,
891 1587 927 1634 tn
952 1564 1118 1636 honorem
1143 1547 1284 1660 Trajani

318 1675 442 1771 sponte
460 1675 665 1749 decerneret.
680 1674 767 1746 Cum
788 1675 831 1746 ad
853 1673 1003 1748 senatum
1020 1673 1197 1767 scriberet,
1220 1700 1285 1750 ve·
1378 1707 1379 1712 ¹

319 1786 412 1869 niam
429 1783 544 1880 periit,
556 1788 641 1878 quod
650 1787 713 1856 de
701 1786 898 1880 unperirsuo
907 1785 1066 1874 judicium
1073 1789 1206 1880 senmui
1217 1815 1284 1860 non

286 1905 289 1909 ’
322 1900 394 1970 Aedi
418 1917 468 1965 rt:
484 1897 650 1988 salutatus
663 1896 785 1988 scilicet
799 1901 1025 1988 praeproperare
1053 1900 1204 1968 militibus
1221 1901 1284 1968 im·

320 2031 445 2100 perator
455 2057 465 2094 ‚
477 2009 563 2099 quod
571 2001 628 2101 effe
643 2004 889 2102 respublicafinr
902 2009 1082 2098 imperatore
1099 2031 1164 2076 non
1173 2001 1284 2100 poffir.
1380 2075 1381 2078 ,

322 2115 416 2186 Cum
441 2111 657 2207 triumphum
671 2114 704 2184 ei
728 2110 883 2200 senatus,
902 2115 963 2211 qui
981 2111 1131 2208 Trajano
1153 2111 1286 2184 debitus

322 2243 416 2313 erar,
443 2223 630 2314 detulisset,
659 2219 837 2298 recusavir‘
850 2225 941 2322 ipse,
970 2245 1071 2326 atque
1105 2223 1286 2322 imaginem

282 2395 285 2408 2
322 2336 462 2428 Traiani
487 2361 590 2410 curru
607 2335 801 2432 triumphali
824 2337 941 2427 vexit,
956 2356 993 2409 ut
1009 2335 1159 2434 optimus
1175 2335 1288 2429 impe·
1382 2419 1383 2422 Ἴ

321 2465 415 2517 rator
435 2447 476 2532 tie
496 2445 573 2542 post
595 2464 742 2537 mortem
765 2446 901 2544 quidem
930 2445 1090 2542 triumphi
1120 2444 1298 2516 amitteret-

323 2554 656 2654 dignitatem-Patris
683 2557 799 2652 patriae
820 2551 947 2632 nomen
965 2556 1026 2629 tibi
1048 2553 1193 2626 delatum
1212 2553 1287 2626 wsta·

323 2667 405 2756 rim,
428 2667 604 2742 &iterum
634 2669 748 2763 postea
757 2694 777 2756 ‚t
789 2667 932 2742 distulit:
956 2667 1052 2767 quod
1067 2666 1138 2741 hor
1157 2689 1287 2738 nomen

322 2773 492 2870 Augustus
518 2775 592 2846 sero
618 2774 805 2864 merniffen
819 2776 951 2848 Aurum
978 2773 1197 2848 coronarium
1217 2776 1286 2846 Ita·

321 2883 378 2956 lie
397 2881 541 2970 remisit,
561 2883 596 2955 in
615 2881 805 2976 provinciis
827 2882 969 2969 minuit,
986 2887 1022 2958 &
1041 2882 1179 2981 quidem
1200 2873 1288 2955 diffi-

324 2989 506 3066 cultatibus
527 2991 635 3064 erarii
657 2990 831 3064 ambitiose
855 3016 895 3065 ac
917 2992 1093 3090 diligenter
1114 2992 1289 3089 exposttis.

323 3097 454 3170 Audito
468 3100 544 3172 dein
555 3100 703 3174 tumultu
715 3103 939 3176 Sarmatarum
952 3105 990 3176 δι
1004 3101 1290 3190 Roxolanorum,

323 3208 495 3303 pramiffis
510 3210 715 3284 exercitibus
726 3214 881 3286 Moestam
895 3213 1002 3310 petiit.
1019 3213 1179 3286 Martium
1196 3215 1287 3286 Tur·

323 3317 471 3408 bonem‚
496 3320 570 3416 post
593 3313 810 3396 'Mauritania
832 3321 1058 3419 prefestmam
1086 3319 1204 3394 infulis
1228 3344 1290 3392 or·

234 3509 238 3516 .
322 3450 438 3504 netum
453 3484 465 3522 ,
482 3434 666 3507 Pannoniae
684 3436 873 3534 Daciaeque
901 3435 943 3508 ad
965 3453 1099 3532 tempus
1127 3430 1289 3530 praefecit.

321 3543 412 3616 Cum
429 3567 506 3640 rege
520 3545 802 3633 Roxolanorum,
820 3542 879 3644 qui
897 3544 940 3616 de
960 3543 1146 3617 imminutis
1166 3541 1289 3636 stipen-

321 3651 769 3750 diisquerebatut,cognito
790 3651 935 3749 negotio
956 3677 1070 3748 pacem
1084 3647 1289 3745 composuit.

367 3764 457 3858 vu.
473 3762 608 3864 Nigrini
631 3763 786 3862 insidias,
809 3784 892 3860 quas
912 3759 969 3834 ille
992 3757 1190 3836 sacrificanti
1214 3757 1286 3828 Ha·
