<?xml version="1.0" encoding="UTF-8"?>
<!DOCTYPE html PUBLIC "-//W3C//DTD XHTML 1.0 Transitional//EN"
    "http://www.w3.org/TR/xhtml1/DTD/xhtml1-transitional.dtd">
<html xmlns="http://www.w3.org/1999/xhtml" xml:lang="en" lang="en">
 <head>
  <title>
</title>
<meta http-equiv="Content-Type" content="text/html;charset=utf-8" />
  <meta name='ocr-system' content='tesseract 3.04.00' />
  <meta name='ocr-capabilities' content='ocr_page ocr_carea ocr_par ocr_line ocrx_word'/>
</head>
<body>
  <div class='ocr_page' id='page_1' title='image "./historiaugustsc00bipogoog_0267.png"; bbox 0 0 2856 4824; ppageno 0'>
   <div class='ocr_carea' id='block_1_1' title="bbox 30 309 1242 3846">
    <p class='ocr_par' dir='ltr' id='par_1_1' title="bbox 30 309 1242 2872">
     <span class='ocr_line' id='line_1_1' title="bbox 211 309 1115 429; baseline -0.006 -23"><span class='ocrx_word' id='word_1_1' title='bbox 211 419 212 428; x_wconf 8' lang='grc' dir='ltr'>ἵ</span> <span class='ocrx_word' id='word_1_2' title='bbox 294 313 599 407; x_wconf 72' lang='lat' dir='ltr'>,ANTONINUS</span> <span class='ocrx_word' id='word_1_3' title='bbox 624 309 950 416; x_wconf 69' lang='lat' dir='ltr'>D1ADUMENUA</span> <span class='ocrx_word' id='word_1_4' title='bbox 1049 339 1115 429; x_wconf 62' lang='grc' dir='ltr'>ης</span> 
     </span>
     <span class='ocr_line' id='line_1_2' title="bbox 48 479 1119 584; baseline 0.003 -26"><span class='ocrx_word' id='word_1_5' title='bbox 48 541 58 577; x_wconf 70' lang='lat'><em>,</em></span> <span class='ocrx_word' id='word_1_6' title='bbox 157 479 262 576; x_wconf 86' lang='lat' dir='ltr'>lium,</span> <span class='ocrx_word' id='word_1_7' title='bbox 284 487 481 560; x_wconf 78' lang='lat' dir='ltr'>Antoninos</span> <span class='ocrx_word' id='word_1_8' title='bbox 505 485 768 584; x_wconf 85' lang='lat' dir='ltr'>cognominatos</span> <span class='ocrx_word' id='word_1_9' title='bbox 788 484 1007 580; x_wconf 54' lang='lat' dir='ltr'>putantrsed</span> <span class='ocrx_word' id='word_1_10' title='bbox 1029 489 1119 562; x_wconf 87' lang='lat' dir='ltr'>aliud</span> 
     </span>
     <span class='ocr_line' id='line_1_3' title="bbox 157 583 1120 693; baseline 0.001 -23"><span class='ocrx_word' id='word_1_11' title='bbox 157 583 1120 693; x_wconf 57' lang='lat' dir='ltr'>est}cumpraenomenadsciscitur3aliud,cumipsumno·</span> 
     </span>
     <span class='ocr_line' id='line_1_4' title="bbox 159 705 1121 803; baseline 0.004 -25"><span class='ocrx_word' id='word_1_12' title='bbox 159 731 236 778; x_wconf 89' lang='lat' dir='ltr'>men</span> <span class='ocrx_word' id='word_1_13' title='bbox 255 707 451 803; x_wconf 84' lang='lat' dir='ltr'>imponitur.</span> <span class='ocrx_word' id='word_1_14' title='bbox 472 709 559 778; x_wconf 85' lang='lat' dir='ltr'>Nam</span> <span class='ocrx_word' id='word_1_15' title='bbox 578 705 657 778; x_wconf 81' lang='lat' dir='ltr'>Pius</span> <span class='ocrx_word' id='word_1_16' title='bbox 676 724 795 777; x_wconf 84' lang='lat' dir='ltr'>verum</span> <span class='ocrx_word' id='word_1_17' title='bbox 810 723 938 778; x_wconf 85' lang='lat' dir='ltr'>nornen</span> <span class='ocrx_word' id='word_1_18' title='bbox 954 707 1121 782; x_wconf 83' lang='lat' dir='ltr'>Antonini</span> 
     </span>
     <span class='ocr_line' id='line_1_5' title="bbox 158 814 1242 912; baseline 0 -25"><span class='ocrx_word' id='word_1_19' title='bbox 158 816 295 904; x_wconf 89' lang='lat' dir='ltr'>habuit,</span> <span class='ocrx_word' id='word_1_20' title='bbox 315 839 508 912; x_wconf 84' lang='lat' dir='ltr'>cognomen</span> <span class='ocrx_word' id='word_1_21' title='bbox 526 814 599 887; x_wconf 80' lang='lat' dir='ltr'>Pii:</span> <span class='ocrx_word' id='word_1_22' title='bbox 615 817 752 892; x_wconf 87' lang='lat' dir='ltr'>Marcus</span> <span class='ocrx_word' id='word_1_23' title='bbox 770 831 890 886; x_wconf 84' lang='lat' dir='ltr'>vetum</span> <span class='ocrx_word' id='word_1_24' title='bbox 906 837 1031 886; x_wconf 90' lang='lat' dir='ltr'>nomen</span> <span class='ocrx_word' id='word_1_25' title='bbox 1055 821 1122 888; x_wconf 93' lang='lat' dir='ltr'>Ve·</span> <span class='ocrx_word' id='word_1_26' title='bbox 1240 847 1242 852; x_wconf 94' lang='lat'>·</span> 
     </span>
     <span class='ocr_line' id='line_1_6' title="bbox 158 924 1124 1019; baseline 0 -21"><span class='ocrx_word' id='word_1_27' title='bbox 158 926 274 1000; x_wconf 83' lang='lat' dir='ltr'>rissrmi</span> <span class='ocrx_word' id='word_1_28' title='bbox 295 927 429 1013; x_wconf 82' lang='lat' dir='ltr'>hab&#39;uit3</span> <span class='ocrx_word' id='word_1_29' title='bbox 449 927 503 998; x_wconf 91' lang='lat' dir='ltr'>sed</span> <span class='ocrx_word' id='word_1_30' title='bbox 524 926 593 998; x_wconf 90' lang='lat' dir='ltr'>hoc</span> <span class='ocrx_word' id='word_1_31' title='bbox 611 924 741 1001; x_wconf 82' lang='lat' dir='ltr'>sublato</span> <span class='ocrx_word' id='word_1_32' title='bbox 761 942 860 1019; x_wconf 87' lang='lat' dir='ltr'>atque</span> <span class='ocrx_word' id='word_1_33' title='bbox 877 925 1029 1015; x_wconf 87' lang='lat' dir='ltr'>abolito,</span> <span class='ocrx_word' id='word_1_34' title='bbox 1049 943 1124 998; x_wconf 90' lang='lat' dir='ltr'>non</span> 
     </span>
     <span class='ocr_line' id='line_1_7' title="bbox 158 1033 1124 1136; baseline -0.004 -26"><span class='ocrx_word' id='word_1_35' title='bbox 158 1063 355 1136; x_wconf 78' lang='lat' dir='ltr'>praenomen</span> <span class='ocrx_word' id='word_1_36' title='bbox 371 1035 559 1124; x_wconf 78' lang='lat' dir='ltr'>Antonini,</span> <span class='ocrx_word' id='word_1_37' title='bbox 573 1033 627 1106; x_wconf 91' lang='lat' dir='ltr'>sed</span> <span class='ocrx_word' id='word_1_38' title='bbox 642 1057 769 1104; x_wconf 89' lang='lat' dir='ltr'>nornen</span> <span class='ocrx_word' id='word_1_39' title='bbox 785 1034 927 1128; x_wconf 82' lang='lat' dir='ltr'>accepit.</span> <span class='ocrx_word' id='word_1_40' title='bbox 940 1037 1051 1108; x_wconf 84' lang='lat' dir='ltr'>Verus</span> <span class='ocrx_word' id='word_1_41' title='bbox 1064 1061 1124 1108; x_wconf 84' lang='lat' dir='ltr'>au-</span> 
     </span>
     <span class='ocr_line' id='line_1_8' title="bbox 160 1141 1189 1236; baseline 0.003 -17"><span class='ocrx_word' id='word_1_42' title='bbox 160 1164 226 1220; x_wconf 89' lang='lat' dir='ltr'>tern</span> <span class='ocrx_word' id='word_1_43' title='bbox 245 1144 430 1219; x_wconf 90' lang='lat' dir='ltr'>Commodi</span> <span class='ocrx_word' id='word_1_44' title='bbox 451 1169 576 1216; x_wconf 85' lang='lat' dir='ltr'>nornen</span> <span class='ocrx_word' id='word_1_45' title='bbox 596 1141 729 1213; x_wconf 75' lang='lat' dir='ltr'>habuitt</span> <span class='ocrx_word' id='word_1_46' title='bbox 748 1159 819 1236; x_wconf 89' lang='lat' dir='ltr'>quo</span> <span class='ocrx_word' id='word_1_47' title='bbox 840 1142 995 1229; x_wconf 88' lang='lat' dir='ltr'>abolito,</span> <span class='ocrx_word' id='word_1_48' title='bbox 1014 1152 1124 1218; x_wconf 63' lang='lat' dir='ltr'>Anto*</span> <span class='ocrx_word' id='word_1_49' title='bbox 1185 1211 1189 1222; x_wconf 83' lang='lat'>.</span> 
     </span>
     <span class='ocr_line' id='line_1_9' title="bbox 159 1250 1166 1349; baseline -0.002 -23"><span class='ocrx_word' id='word_1_50' title='bbox 159 1254 232 1326; x_wconf 89' lang='lat' dir='ltr'>nini</span> <span class='ocrx_word' id='word_1_51' title='bbox 254 1279 325 1328; x_wconf 94' lang='lat' dir='ltr'>non</span> <span class='ocrx_word' id='word_1_52' title='bbox 341 1275 564 1349; x_wconf 70' lang='lat' dir='ltr'>praenomen,</span> <span class='ocrx_word' id='word_1_53' title='bbox 582 1250 636 1325; x_wconf 86' lang='lat' dir='ltr'>sed</span> <span class='ocrx_word' id='word_1_54' title='bbox 653 1273 779 1322; x_wconf 84' lang='lat' dir='ltr'>nornen</span> <span class='ocrx_word' id='word_1_55' title='bbox 797 1253 937 1346; x_wconf 81' lang='lat' dir='ltr'>accepit.</span> <span class='ocrx_word' id='word_1_56' title='bbox 953 1255 1124 1326; x_wconf 74' lang='lat' dir='ltr'>Commo·</span> <span class='ocrx_word' id='word_1_57' title='bbox 1164 1319 1166 1324; x_wconf 89' lang='lat'><em>.</em></span> 
     </span>
     <span class='ocr_line' id='line_1_10' title="bbox 160 1357 1124 1459; baseline 0.004 -27"><span class='ocrx_word' id='word_1_58' title='bbox 160 1365 242 1434; x_wconf 90' lang='lat' dir='ltr'>dum</span> <span class='ocrx_word' id='word_1_59' title='bbox 267 1381 376 1434; x_wconf 85' lang='lat' dir='ltr'>autem</span> <span class='ocrx_word' id='word_1_60' title='bbox 400 1363 536 1431; x_wconf 84' lang='lat' dir='ltr'>Marcus</span> <span class='ocrx_word' id='word_1_61' title='bbox 558 1357 772 1431; x_wconf 82' lang='lat' dir='ltr'>Antoninum</span> <span class='ocrx_word' id='word_1_62' title='bbox 796 1360 998 1452; x_wconf 80' lang='lat' dir='ltr'>appellauit,</span> <span class='ocrx_word' id='word_1_63' title='bbox 1023 1377 1124 1459; x_wconf 68' lang='lat' dir='ltr'>atquc</span> 
     </span>
     <span class='ocr_line' id='line_1_11' title="bbox 160 1465 1124 1564; baseline 0 -22"><span class='ocrx_word' id='word_1_64' title='bbox 160 1467 208 1552; x_wconf 82' lang='lat' dir='ltr'>ita</span> <span class='ocrx_word' id='word_1_65' title='bbox 230 1471 266 1542; x_wconf 93' lang='lat' dir='ltr'>in</span> <span class='ocrx_word' id='word_1_66' title='bbox 291 1467 438 1564; x_wconf 82' lang='lat' dir='ltr'>publicas</span> <span class='ocrx_word' id='word_1_67' title='bbox 458 1467 562 1538; x_wconf 81' lang='lat' dir='ltr'>edidit</span> <span class='ocrx_word' id='word_1_68' title='bbox 587 1466 674 1538; x_wconf 87' lang='lat' dir='ltr'>diem</span> <span class='ocrx_word' id='word_1_69' title='bbox 701 1465 819 1538; x_wconf 82' lang='lat' dir='ltr'>natalis</span> <span class='ocrx_word' id='word_1_70' title='bbox 838 1465 898 1539; x_wconf 89' lang='lat' dir='ltr'>sui.</span> <span class='ocrx_word' id='word_1_71' title='bbox 922 1471 991 1544; x_wconf 86' lang='lat' dir='ltr'>lam</span> <span class='ocrx_word' id='word_1_72' title='bbox 1015 1471 1124 1542; x_wconf 73' lang='lat' dir='ltr'>cara-</span> 
     </span>
     <span class='ocr_line' id='line_1_12' title="bbox 162 1572 1124 1670; baseline 0 -20"><span class='ocrx_word' id='word_1_73' title='bbox 162 1577 285 1650; x_wconf 87' lang='lat' dir='ltr'>callum</span> <span class='ocrx_word' id='word_1_74' title='bbox 308 1575 494 1648; x_wconf 82' lang='lat' dir='ltr'>Baslranutn</span> <span class='ocrx_word' id='word_1_75' title='bbox 525 1574 601 1648; x_wconf 83' lang='lat' dir='ltr'>satis</span> <span class='ocrx_word' id='word_1_76' title='bbox 624 1572 756 1646; x_wconf 83' lang='lat' dir='ltr'>conslat</span> <span class='ocrx_word' id='word_1_77' title='bbox 780 1573 837 1646; x_wconf 82' lang='lat' dir='ltr'>vel</span> <span class='ocrx_word' id='word_1_78' title='bbox 862 1573 983 1646; x_wconf 91' lang='lat' dir='ltr'>somnii</span> <span class='ocrx_word' id='word_1_79' title='bbox 1006 1577 1124 1670; x_wconf 83' lang='lat' dir='ltr'>causa,</span> 
     </span>
     <span class='ocr_line' id='line_1_13' title="bbox 154 1685 1165 1784; baseline 0.001 -24"><span class='ocrx_word' id='word_1_80' title='bbox 154 1687 256 1784; x_wconf 77' lang='lat' dir='ltr'>¹quod</span> <span class='ocrx_word' id='word_1_81' title='bbox 268 1690 410 1759; x_wconf 86' lang='lat' dir='ltr'>Severus</span> <span class='ocrx_word' id='word_1_82' title='bbox 421 1685 564 1775; x_wconf 82' lang='lat' dir='ltr'>viderat,</span> <span class='ocrx_word' id='word_1_83' title='bbox 578 1705 654 1758; x_wconf 86' lang='lat' dir='ltr'>cunt</span> <span class='ocrx_word' id='word_1_84' title='bbox 665 1685 947 1758; x_wconf 79' lang='lat' dir='ltr'>sibiAntoninum</span> <span class='ocrx_word' id='word_1_85' title='bbox 959 1686 1124 1762; x_wconf 64' lang='lat' dir='ltr'>successo»</span> <span class='ocrx_word' id='word_1_86' title='bbox 1160 1713 1165 1722; x_wconf 82' lang='grc'><strong>’</strong></span> 
     </span>
     <span class='ocr_line' id='line_1_14' title="bbox 161 1793 1124 1892; baseline 0 -24"><span class='ocrx_word' id='word_1_87' title='bbox 161 1819 232 1868; x_wconf 89' lang='lat' dir='ltr'>rem</span> <span class='ocrx_word' id='word_1_88' title='bbox 248 1795 444 1892; x_wconf 71' lang='lat' dir='ltr'>praedislum</span> <span class='ocrx_word' id='word_1_89' title='bbox 465 1793 626 1877; x_wconf 72' lang='lat' dir='ltr'>sensisset,</span> <span class='ocrx_word' id='word_1_90' title='bbox 647 1817 738 1865; x_wconf 92' lang='lat' dir='ltr'>anno</span> <span class='ocrx_word' id='word_1_91' title='bbox 760 1793 895 1866; x_wconf 81' lang='lat' dir='ltr'>dentum</span> <span class='ocrx_word' id='word_1_92' title='bbox 922 1795 1124 1868; x_wconf 63' lang='lat' dir='ltr'>decimotera</span> 
     </span>
     <span class='ocr_line' id='line_1_15' title="bbox 67 1902 1125 2001; baseline -0.001 -23"><span class='ocrx_word' id='word_1_93' title='bbox 67 1929 70 1934; x_wconf 83' lang='lat'>·</span> <span class='ocrx_word' id='word_1_94' title='bbox 161 1905 213 1978; x_wconf 90' lang='lat' dir='ltr'>tio</span> <span class='ocrx_word' id='word_1_95' title='bbox 237 1903 450 1976; x_wconf 88' lang='lat' dir='ltr'>Antoninum</span> <span class='ocrx_word' id='word_1_96' title='bbox 480 1903 614 1994; x_wconf 79' lang='lat' dir='ltr'>dixisse,</span> <span class='ocrx_word' id='word_1_97' title='bbox 636 1903 774 1999; x_wconf 85' lang='lat' dir='ltr'>quando</span> <span class='ocrx_word' id='word_1_98' title='bbox 796 1902 828 1974; x_wconf 90' lang='lat' dir='ltr'>ei</span> <span class='ocrx_word' id='word_1_99' title='bbox 853 1903 953 1975; x_wconf 85' lang='lat' dir='ltr'>etiam</span> <span class='ocrx_word' id='word_1_100' title='bbox 981 1905 1125 2001; x_wconf 75' lang='lat' dir='ltr'>impera·</span> 
     </span>
     <span class='ocr_line' id='line_1_16' title="bbox 161 2007 1124 2106; baseline 0.003 -22"><span class='ocrx_word' id='word_1_101' title='bbox 161 2013 284 2084; x_wconf 86' lang='lat' dir='ltr'>toriam</span> <span class='ocrx_word' id='word_1_102' title='bbox 307 2007 466 2083; x_wconf 85' lang='lat' dir='ltr'>addidisse</span> <span class='ocrx_word' id='word_1_103' title='bbox 488 2011 611 2083; x_wconf 90' lang='lat' dir='ltr'>dicitur</span> <span class='ocrx_word' id='word_1_104' title='bbox 637 2011 843 2106; x_wconf 86' lang='lat' dir='ltr'>potestatem.</span> <span class='ocrx_word' id='word_1_105' title='bbox 870 2014 992 2084; x_wconf 86' lang='lat' dir='ltr'>Getam</span> <span class='ocrx_word' id='word_1_106' title='bbox 1013 2039 1124 2103; x_wconf 85' lang='lat' dir='ltr'>vero,</span> 
     </span>
     <span class='ocr_line' id='line_1_17' title="bbox 163 2120 1125 2221; baseline 0.003 -27"><span class='ocrx_word' id='word_1_107' title='bbox 163 2149 265 2221; x_wconf 88' lang='lat' dir='ltr'>quem</span> <span class='ocrx_word' id='word_1_108' title='bbox 286 2121 382 2194; x_wconf 90' lang='lat' dir='ltr'>multi</span> <span class='ocrx_word' id='word_1_109' title='bbox 394 2121 607 2193; x_wconf 82' lang='lat' dir='ltr'>Antoninum</span> <span class='ocrx_word' id='word_1_110' title='bbox 632 2137 754 2215; x_wconf 84' lang='lat' dir='ltr'>negant</span> <span class='ocrx_word' id='word_1_111' title='bbox 771 2120 916 2208; x_wconf 77' lang='lat' dir='ltr'>diuum,</span> <span class='ocrx_word' id='word_1_112' title='bbox 932 2124 1047 2195; x_wconf 88' lang='lat' dir='ltr'>eadem</span> <span class='ocrx_word' id='word_1_113' title='bbox 1067 2145 1125 2198; x_wconf 60' lang='lat' dir='ltr'>ta*</span> 
     </span>
     <span class='ocr_line' id='line_1_18' title="bbox 163 2221 1124 2329; baseline 0.003 -25"><span class='ocrx_word' id='word_1_114' title='bbox 163 2233 279 2318; x_wconf 84' lang='lat' dir='ltr'>tione,</span> <span class='ocrx_word' id='word_1_115' title='bbox 294 2221 360 2328; x_wconf 69' lang='lat' dir='ltr'>q&#39;ua</span> <span class='ocrx_word' id='word_1_116' title='bbox 374 2231 580 2317; x_wconf 79' lang='lat' dir='ltr'>Bassianum,</span> <span class='ocrx_word' id='word_1_117' title='bbox 593 2228 816 2325; x_wconf 82' lang='lat' dir='ltr'>appellatum,</span> <span class='ocrx_word' id='word_1_118' title='bbox 835 2229 909 2329; x_wconf 84' lang='lat' dir='ltr'>satis</span> <span class='ocrx_word' id='word_1_119' title='bbox 920 2232 1050 2304; x_wconf 85' lang='lat' dir='ltr'>conslnt</span> <span class='ocrx_word' id='word_1_120' title='bbox 1062 2287 1072 2322; x_wconf 89' lang='lat'>,</span> <span class='ocrx_word' id='word_1_121' title='bbox 1085 2249 1124 2307; x_wconf 83' lang='lat' dir='ltr'>ut</span> 
     </span>
     <span class='ocr_line' id='line_1_19' title="bbox 164 2337 1124 2433; baseline 0.004 -22"><span class='ocrx_word' id='word_1_122' title='bbox 164 2339 251 2432; x_wconf 90' lang='lat' dir='ltr'>patri</span> <span class='ocrx_word' id='word_1_123' title='bbox 266 2341 395 2410; x_wconf 87' lang='lat' dir='ltr'>Severo</span> <span class='ocrx_word' id='word_1_124' title='bbox 414 2337 626 2422; x_wconf 87' lang='lat' dir='ltr'>succederet,</span> <span class='ocrx_word' id='word_1_125' title='bbox 650 2339 742 2433; x_wconf 89' lang='lat' dir='ltr'>quod</span> <span class='ocrx_word' id='word_1_126' title='bbox 766 2337 903 2408; x_wconf 85' lang='lat' dir='ltr'>minime</span> <span class='ocrx_word' id='word_1_127' title='bbox 921 2338 1044 2410; x_wconf 76' lang='lat' dir='ltr'>sallum</span> <span class='ocrx_word' id='word_1_128' title='bbox 1066 2341 1124 2415; x_wconf 72' lang='lat' dir='ltr'>est·</span> 
     </span>
     <span class='ocr_line' id='line_1_20' title="bbox 163 2447 1125 2541; baseline 0 -19"><span class='ocrx_word' id='word_1_129' title='bbox 163 2447 242 2522; x_wconf 85' lang='lat' dir='ltr'>Post</span> <span class='ocrx_word' id='word_1_130' title='bbox 253 2448 319 2520; x_wconf 90' lang='lat' dir='ltr'>hoc</span> <span class='ocrx_word' id='word_1_131' title='bbox 335 2448 404 2541; x_wconf 89' lang='lat' dir='ltr'>ipse</span> <span class='ocrx_word' id='word_1_132' title='bbox 418 2447 653 2520; x_wconf 79' lang='lat' dir='ltr'>Diadumenus</span> <span class='ocrx_word' id='word_1_133' title='bbox 669 2469 705 2517; x_wconf 92' lang='lat' dir='ltr'>ut</span> <span class='ocrx_word' id='word_1_134' title='bbox 723 2449 1016 2519; x_wconf 84' lang='lat' dir='ltr'>commendaretur</span> <span class='ocrx_word' id='word_1_135' title='bbox 1029 2462 1125 2522; x_wconf 77' lang='lat' dir='ltr'>exer·</span> 
     </span>
     <span class='ocr_line' id='line_1_21' title="bbox 164 2553 1125 2652; baseline 0.001 -19"><span class='ocrx_word' id='word_1_136' title='bbox 164 2559 267 2644; x_wconf 88' lang='lat' dir='ltr'>citui,</span> <span class='ocrx_word' id='word_1_137' title='bbox 280 2558 430 2644; x_wconf 84' lang='lat' dir='ltr'>Senatui,</span> <span class='ocrx_word' id='word_1_138' title='bbox 454 2557 652 2652; x_wconf 82' lang='lat' dir='ltr'>populoque</span> <span class='ocrx_word' id='word_1_139' title='bbox 671 2559 832 2630; x_wconf 84' lang='lat' dir='ltr'>Romano</span> <span class='ocrx_word' id='word_1_140' title='bbox 849 2605 860 2641; x_wconf 89' lang='lat'>‚</span> <span class='ocrx_word' id='word_1_141' title='bbox 875 2553 952 2630; x_wconf 83' lang='lat' dir='ltr'>c&#39;um</span> <span class='ocrx_word' id='word_1_142' title='bbox 971 2560 1049 2630; x_wconf 80' lang='lat' dir='ltr'>esset</span> <span class='ocrx_word' id='word_1_143' title='bbox 1068 2559 1125 2634; x_wconf 65' lang='lat' dir='ltr'>ina.</span> 
     </span>
     <span class='ocr_line' id='line_1_22' title="bbox 30 2658 1125 2766; baseline -0.005 -27"><span class='ocrx_word' id='word_1_144' title='bbox 30 2661 38 2678; x_wconf 78' lang='grc'>’</span> <span class='ocrx_word' id='word_1_145' title='bbox 65 2721 66 2724; x_wconf 63' lang='lat'>,</span> <span class='ocrx_word' id='word_1_146' title='bbox 117 2658 132 2688; x_wconf 44' lang='lat' dir='ltr'>i</span> <span class='ocrx_word' id='word_1_147' title='bbox 163 2689 244 2765; x_wconf 84' lang='lat' dir='ltr'>gens</span> <span class='ocrx_word' id='word_1_148' title='bbox 257 2665 453 2736; x_wconf 86' lang='lat' dir='ltr'>desrderium</span> <span class='ocrx_word' id='word_1_149' title='bbox 467 2663 603 2736; x_wconf 84' lang='lat' dir='ltr'>Baffiani</span> <span class='ocrx_word' id='word_1_150' title='bbox 617 2663 818 2766; x_wconf 81' lang='lat' dir='ltr'>Caracallae,</span> <span class='ocrx_word' id='word_1_151' title='bbox 832 2666 1047 2739; x_wconf 82' lang='lat' dir='ltr'>Antoninum</span> <span class='ocrx_word' id='word_1_152' title='bbox 1060 2695 1125 2765; x_wconf 63' lang='lat' dir='ltr'>ap«</span> 
     </span>
     <span class='ocr_line' id='line_1_23' title="bbox 165 2774 597 2872; baseline -0.009 -24"><span class='ocrx_word' id='word_1_153' title='bbox 165 2774 347 2872; x_wconf 69' lang='lat' dir='ltr'>penatum,</span> <span class='ocrx_word' id='word_1_154' title='bbox 366 2775 441 2847; x_wconf 85' lang='lat' dir='ltr'>satis</span> <span class='ocrx_word' id='word_1_155' title='bbox 456 2775 597 2846; x_wconf 80' lang='lat' dir='ltr'>conflat.</span> 
     </span>
    </p>

    <p class='ocr_par' dir='ltr' id='par_1_2' title="bbox 159 2880 1173 3638">
     <span class='ocr_line' id='line_1_24' title="bbox 215 2880 1126 2981; baseline 0.007 -25"><span class='ocrx_word' id='word_1_156' title='bbox 215 2884 406 2959; x_wconf 78' lang='lat' dir='ltr'>VllExslat</span> <span class='ocrx_word' id='word_1_157' title='bbox 424 2884 563 2980; x_wconf 88' lang='lat' dir='ltr'>epislola</span> <span class='ocrx_word' id='word_1_158' title='bbox 578 2884 685 2979; x_wconf 87' lang='lat' dir='ltr'>Opilii</span> <span class='ocrx_word' id='word_1_159' title='bbox 697 2880 974 2981; x_wconf 84' lang='lat' dir='ltr'>Macrini‚patris</span> <span class='ocrx_word' id='word_1_160' title='bbox 990 2884 1126 2972; x_wconf 68' lang='lat' dir='ltr'>Diadum¹</span> 
     </span>
     <span class='ocr_line' id='line_1_25' title="bbox 166 2993 1126 3092; baseline 0.004 -25"><span class='ocrx_word' id='word_1_161' title='bbox 166 2996 278 3078; x_wconf 88' lang='lat' dir='ltr'>meni,</span> <span class='ocrx_word' id='word_1_162' title='bbox 299 3018 363 3091; x_wconf 91' lang='lat' dir='ltr'>qua</span> <span class='ocrx_word' id='word_1_163' title='bbox 383 2993 547 3091; x_wconf 83' lang='lat' dir='ltr'>gloriatur</span> <span class='ocrx_word' id='word_1_164' title='bbox 568 3015 725 3064; x_wconf 88' lang='lat' dir='ltr'>nontam</span> <span class='ocrx_word' id='word_1_165' title='bbox 746 2994 778 3066; x_wconf 91' lang='lat' dir='ltr'>se</span> <span class='ocrx_word' id='word_1_166' title='bbox 797 2997 837 3065; x_wconf 91' lang='lat' dir='ltr'>ad</span> <span class='ocrx_word' id='word_1_167' title='bbox 854 2997 1033 3089; x_wconf 79' lang='lat' dir='ltr'>imperium</span> <span class='ocrx_word' id='word_1_168' title='bbox 1051 3019 1126 3092; x_wconf 69' lang='lat' dir='ltr'>per·</span> 
     </span>
     <span class='ocr_line' id='line_1_26' title="bbox 168 3103 1126 3201; baseline 0.003 -24"><span class='ocrx_word' id='word_1_169' title='bbox 168 3103 315 3189; x_wconf 89' lang='lat' dir='ltr'>venisse,</span> <span class='ocrx_word' id='word_1_170' title='bbox 330 3105 387 3199; x_wconf 92' lang='lat' dir='ltr'>qui</span> <span class='ocrx_word' id='word_1_171' title='bbox 398 3103 477 3173; x_wconf 85' lang='lat' dir='ltr'>esset</span> <span class='ocrx_word' id='word_1_172' title='bbox 491 3103 651 3173; x_wconf 89' lang='lat' dir='ltr'>secundus</span> <span class='ocrx_word' id='word_1_173' title='bbox 665 3103 818 3196; x_wconf 86' lang='lat' dir='ltr'>imperii,</span> <span class='ocrx_word' id='word_1_174' title='bbox 829 3113 928 3199; x_wconf 85' lang='lat' dir='ltr'>quarn</span> <span class='ocrx_word' id='word_1_175' title='bbox 947 3110 1041 3201; x_wconf 89' lang='lat' dir='ltr'>quod</span> <span class='ocrx_word' id='word_1_176' title='bbox 1056 3116 1126 3180; x_wconf 62' lang='lat' dir='ltr'>An*</span> 
     </span>
     <span class='ocr_line' id='line_1_27' title="bbox 165 3198 1173 3309; baseline 0.007 -25"><span class='ocrx_word' id='word_1_177' title='bbox 165 3210 336 3285; x_wconf 81' lang='lat' dir='ltr'>soniniani</span> <span class='ocrx_word' id='word_1_178' title='bbox 354 3211 502 3282; x_wconf 85' lang='lat' dir='ltr'>nominis</span> <span class='ocrx_word' id='word_1_179' title='bbox 517 3209 594 3280; x_wconf 82' lang='lat' dir='ltr'>esset</span> <span class='ocrx_word' id='word_1_180' title='bbox 607 3229 699 3306; x_wconf 80' lang='lat' dir='ltr'>patet</span> <span class='ocrx_word' id='word_1_181' title='bbox 710 3211 832 3298; x_wconf 74' lang='lat' dir='ltr'>fusius,</span> <span class='ocrx_word' id='word_1_182' title='bbox 847 3235 919 3309; x_wconf 90' lang='lat' dir='ltr'>quo</span> <span class='ocrx_word' id='word_1_183' title='bbox 929 3216 1049 3287; x_wconf 85' lang='lat' dir='ltr'>clarius</span> <span class='ocrx_word' id='word_1_184' title='bbox 1060 3217 1126 3290; x_wconf 79' lang='lat' dir='ltr'>iltis</span> <span class='ocrx_word' id='word_1_185' title='bbox 1170 3198 1173 3208; x_wconf 27' lang='grc' dir='ltr'>Ι</span> 
     </span>
     <span class='ocr_line' id='line_1_28' title="bbox 166 3311 1170 3418; baseline 0.004 -25"><span class='ocrx_word' id='word_1_186' title='bbox 166 3322 375 3418; x_wconf 78' lang='lat' dir='ltr'>temporibus</span> <span class='ocrx_word' id='word_1_187' title='bbox 397 3341 468 3390; x_wconf 92' lang='lat' dir='ltr'>non</span> <span class='ocrx_word' id='word_1_188' title='bbox 488 3320 596 3391; x_wconf 83' lang='lat' dir='ltr'>fuerat</span> <span class='ocrx_word' id='word_1_189' title='bbox 612 3311 668 3394; x_wconf 77' lang='lat' dir='ltr'>vel</span> <span class='ocrx_word' id='word_1_190' title='bbox 682 3323 849 3394; x_wconf 82' lang='lat' dir='ltr'>Deorum.</span> <span class='ocrx_word' id='word_1_191' title='bbox 865 3325 979 3418; x_wconf 85' lang='lat' dir='ltr'>Quam</span> <span class='ocrx_word' id='word_1_192' title='bbox 1000 3325 1127 3418; x_wconf 63' lang='lat' dir='ltr'>opillo*</span> <span class='ocrx_word' id='word_1_193' title='bbox 1166 3361 1170 3372; x_wconf 64' lang='lat'><strong><em>¹</em></strong></span> 
     </span>
     <span class='ocr_line' id='line_1_29' title="bbox 166 3429 1127 3530; baseline 0.005 -28"><span class='ocrx_word' id='word_1_194' title='bbox 166 3429 233 3504; x_wconf 89' lang='lat' dir='ltr'>lam</span> <span class='ocrx_word' id='word_1_195' title='bbox 256 3435 449 3530; x_wconf 87' lang='lat' dir='ltr'>priusquam</span> <span class='ocrx_word' id='word_1_196' title='bbox 477 3433 648 3520; x_wconf 86' lang='lat' dir='ltr'>intexam,</span> <span class='ocrx_word' id='word_1_197' title='bbox 669 3432 751 3504; x_wconf 89' lang='lat' dir='ltr'>libet</span> <span class='ocrx_word' id='word_1_198' title='bbox 779 3433 893 3505; x_wconf 81' lang='lat' dir='ltr'>versus</span> <span class='ocrx_word' id='word_1_199' title='bbox 923 3433 1066 3504; x_wconf 84' lang='lat' dir='ltr'>inserere</span> <span class='ocrx_word' id='word_1_200' title='bbox 1089 3429 1127 3508; x_wconf 84' lang='lat' dir='ltr'>in</span> 
     </span>
     <span class='ocr_line' id='line_1_30' title="bbox 159 3537 1126 3638; baseline 0.003 -26"><span class='ocrx_word' id='word_1_201' title='bbox 159 3541 397 3630; x_wconf 22' lang='lat' dir='ltr'>&#39;Commodum</span> <span class='ocrx_word' id='word_1_202' title='bbox 417 3537 538 3626; x_wconf 73' lang='lat' dir='ltr'>didos,</span> <span class='ocrx_word' id='word_1_203' title='bbox 552 3542 611 3638; x_wconf 88' lang='lat' dir='ltr'>qui</span> <span class='ocrx_word' id='word_1_204' title='bbox 627 3542 658 3612; x_wconf 87' lang='lat' dir='ltr'>se</span> <span class='ocrx_word' id='word_1_205' title='bbox 680 3544 860 3614; x_wconf 84' lang='lat' dir='ltr'>Herculem</span> <span class='ocrx_word' id='word_1_206' title='bbox 878 3542 1126 3634; x_wconf 74' lang='lat' dir='ltr'>appellaverat,</span> 
     </span>
    </p>

    <p class='ocr_par' dir='ltr' id='par_1_3' title="bbox 136 3643 1128 3846">
     <span class='ocr_line' id='line_1_31' title="bbox 136 3643 1127 3747; baseline 0.002 -27"><span class='ocrx_word' id='word_1_207' title='bbox 136 3665 142 3677; x_wconf 82' lang='lat'>&#39;</span> <span class='ocrx_word' id='word_1_208' title='bbox 167 3669 205 3720; x_wconf 92' lang='lat' dir='ltr'>ut</span> <span class='ocrx_word' id='word_1_209' title='bbox 223 3649 571 3747; x_wconf 81' lang='lat' dir='ltr'>intelligantomnes,</span> <span class='ocrx_word' id='word_1_210' title='bbox 592 3671 659 3722; x_wconf 90' lang='lat' dir='ltr'>tam</span> <span class='ocrx_word' id='word_1_211' title='bbox 679 3653 806 3722; x_wconf 87' lang='lat' dir='ltr'>clarum</span> <span class='ocrx_word' id='word_1_212' title='bbox 820 3649 914 3719; x_wconf 85' lang='lat' dir='ltr'>fuisse</span> <span class='ocrx_word' id='word_1_213' title='bbox 928 3643 1127 3722; x_wconf 78' lang='lat' dir='ltr'>Antonino·</span> 
     </span>
     <span class='ocr_line' id='line_1_32' title="bbox 148 3759 1128 3846; baseline 0.006 -16"><span class='ocrx_word' id='word_1_214' title='bbox 148 3781 242 3832; x_wconf 84' lang='lat' dir='ltr'>rum</span> <span class='ocrx_word' id='word_1_215' title='bbox 264 3781 413 3846; x_wconf 84' lang='lat' dir='ltr'>nomen,</span> <span class='ocrx_word' id='word_1_216' title='bbox 435 3779 472 3830; x_wconf 87' lang='lat' dir='ltr'>ut·</span> <span class='ocrx_word' id='word_1_217' title='bbox 497 3759 546 3832; x_wconf 92' lang='lat' dir='ltr'>illi</span> <span class='ocrx_word' id='word_1_218' title='bbox 567 3777 630 3836; x_wconf 77' lang='lat' dir='ltr'>noc</span> <span class='ocrx_word' id='word_1_219' title='bbox 651 3760 807 3833; x_wconf 84' lang='lat' dir='ltr'>Deorum</span> <span class='ocrx_word' id='word_1_220' title='bbox 825 3777 953 3840; x_wconf 86' lang='lat' dir='ltr'>nomen</span> <span class='ocrx_word' id='word_1_221' title='bbox 972 3775 1128 3846; x_wconf 69' lang='lat' dir='ltr'>c&#39;otntn‘o·⁴</span> 
     </span>
    </p>
   </div>
   <div class='ocr_carea' id='block_1_2' title="bbox 241 3864 902 3966">
    <p class='ocr_par' dir='ltr' id='par_1_4' title="bbox 241 3864 902 3966">
     <span class='ocr_line' id='line_1_33' title="bbox 241 3864 902 3966; baseline 0.002 -30"><span class='ocrx_word' id='word_1_222' title='bbox 241 3864 374 3960; x_wconf 76' lang='lat' dir='ltr'>Scriptt.</span> <span class='ocrx_word' id='word_1_223' title='bbox 396 3867 444 3941; x_wconf 88' lang='lat' dir='ltr'>H.</span> <span class='ocrx_word' id='word_1_224' title='bbox 469 3875 512 3944; x_wconf 83' lang='lat' dir='ltr'>A.</span> <span class='ocrx_word' id='word_1_225' title='bbox 669 3958 672 3966; x_wconf 29' lang='grc' dir='ltr'>Ι</span> <span class='ocrx_word' id='word_1_226' title='bbox 877 3868 902 3937; x_wconf 86' lang='grc' dir='ltr'>Ρ</span> 
     </span>
    </p>
   </div>
   <div class='ocr_carea' id='block_1_3' title="bbox 0 0 1447 4824">
    <p class='ocr_par' dir='ltr' id='par_1_5' title="bbox 0 0 1447 4824">
     <span class='ocr_line' id='line_1_34' title="bbox 0 0 1447 4824; baseline 0 0"><span class='ocrx_word' id='word_1_227' title='bbox 0 0 1447 4824; x_wconf 95' lang='lat' dir='ltr'> </span> 
     </span>
    </p>
   </div>
  </div>
 </body>
</html>
