2856 4824
352 406 422 480 260
507 405 677 477 AELll
726 401 1155 474 LAMPRlDll
1237 465 1240 471 .

349 583 401 636 ter
417 562 524 654 vixit,
542 581 580 636 ut
595 561 785 636 communis
800 563 879 636 ellet
895 563 925 636 ei
942 563 1027 661 saepe
1041 563 1230 655 consellus,
1246 565 1312 640 iret

347 677 386 749 &
404 673 624 770 adeonvivia
638 698 779 759 eorum;
793 672 925 770 aliquos
942 695 1051 746 autem
1069 674 1205 748 habetet
1221 671 1310 771 quo'·

266 837 271 845 .
348 782 495 856 tidiarros
511 783 610 855 etiam
630 807 701 856 non
718 803 882 869 vocarem
903 784 1097 858 salutaretur
1114 810 1201 859 vero
1216 785 1310 882 quasi

347 921 434 968 unus
451 897 491 967 de
504 893 741 984 senatoribus,
760 914 894 991 patente
910 895 990 983 velo
1001 948 1011 982 ,
1023 894 1309 967 admiffionalibus

347 1006 505 1092 remotis,
528 1024 585 1077 aut
612 1004 688 1078 solis
718 1005 861 1104 iis,.qui
888 1006 1028 1079 ministri
1053 1007 1095 1078 ad
1121 1003 1213 1078 fores
1236 1006 1310 1080 fue·

347 1139 441 1186 rant:
465 1137 542 1187 cum
569 1133 664 1190 antea
687 1115 824 1198 salutare
853 1115 1043 1212 Principem
1073 1140 1145 1187 non
1171 1116 1308 1206 liceret,

346 1225 442 1321 quod
458 1247 518 1297 eos
538 1223 654 1298 videre
671 1251 742 1298 non
761 1213 912 1321 poterat:
923 1228 964 1296 Et
981 1243 1052 1298 erat
1065 1225 1219 1321 corporis
1241 1251 1306 1297 ve·
1375 1223 1380 1235 ’

347 1333 475 1405 nullate
495 1333 661 1420 decorus,
682 1331 728 1406 ut
743 1333 912 1430 hodieque
929 1332 1118 1428 in'pilluris
1137 1337 1174 1408 &
1193 1333 1228 1405 in
1245 1335 1307 1422 ssa·

347 1443 414 1514 tuis
435 1441 601 1517 videmus.
621 1443 696 1515 Fuit
707 1437 751 1518 ’δι
775 1443 904 1516 llaturae
926 1441 1097 1515 militatis:
1114 1443 1221 1516 robur
1241 1443 1307 1515 mi·
1416 1483 1417 1488 κ

346 1551 415 1625 litis
426 1605 436 1638 ,
449 1551 611 1626 valetudo
628 1549 722 1645 ejus,
738 1552 798 1650 qui
817 1551 885 1624 vim
899 1550 947 1622 lui
963 1552 1118 1648 corporis
1131 1549 1250 1638 scir'et,
1265 1577 1304 1624 ac
1416 1543 1417 1634 J

345 1661 478 1756 semper
502 1681 644 1736 curaret.
673 1665 753 1735 Erat
777 1683 935 1758 praterea
955 1663 1082 1735 cunelis
1098 1661 1306 1745 'hominibus
1416 1639 1417 1664 Χ

346 1775 517 1847 amabilis:
537 1778 576 1848 δι
597 1778 639 1848 ab
659 1777 732 1849 aliis
757 1777 831 1871 pius
854 1777 1101 1871 appellabatur,
1125 1776 1169 1848 ab
1192 1776 1306 1849 omni·
1416 1849 1417 1866 p

347 1881 411 1952 bus
426 1903 516 1952 certe
529 1883 677 1971 sanans,
696 1887 734 1966 &
754 1884 844 1956 utilis
862 1884 1066 1978 reipublicae.
1084 1884 1170 1956 Huic
1185 1883 1306 1957 sorsin
1416 1875 1417 1964 l

346 1993 475 2084 templo
496 1991 706 2066 Praenestinae
724 1993 797 2066 ralis
815 1993 962 2084 exstitit,
976 2019 1053 2070 eum
1072 1990 1122 2064 illi
1140 1991 1307 2092 Helioga·⁴

239 2134 243 2149 =
346 2099 442 2174 balus
455 2101 687 2178 insidiaretur:

442 2259 500 2274 -·
540 2258 598 2272 --
616 2281 625 2310 ῐ
640 2216 681 2285 Si
699 2242 760 2307 qua
772 2213 852 2306 fata
872 2215 981 2308 aspera
1002 2238 1148 2306 rumpas,

398 2321 448 2388 Tu
468 2321 637 2388 Marcellus
658 2323 728 2390 eris.
765 2317 768 2322 ¹

394 2431 438 2502 V.
460 2425 644 2496 Alexandri
669 2448 793 2497 nomen
819 2425 972 2524 accepit,
991 2425 1088 2524 quod
1115 2424 1149 2497 in
1176 2425 1303 2522 templo

344 2537 457 2611 dicato
469 2588 480 2621 ,
493 2537 584 2630 apud
601 2539 768 2610 Arcenam
788 2538 927 2628 urbem,
946 2538 1138 2610 Alexandro
1153 2540 1302 2634 Magn0,

344 2647 564 2730 natuselle13
590 2672 667 2719 cum
689 2646 763 2720 calu
786 2647 887 2734 illuc,
909 2647 967 2734 die·
988 2648 1072 2720 sesto
1099 2646 1304 2737 alexandri,
1411 2729 1412 2734 ἵ

339 2779 439 2855 patet
452 2783 528 2830 cum
543 2783 653 2829 uxore
672 2758 787 2852 paniae
800 2757 1016 2833 solemnitatis
1029 2758 1207 2854 implendae
1221 2783 1303 2832 cau·
1410 2799 1411 2810 κ

342 2867 377 2938 sa
403 2866 554 2938 venisset.
575 2867 631 2941 cui
652 2867 699 2937 rei
720 2887 949 2962 argumentum
977 2868 1045 2956 est,
1067 2868 1161 2964 quod
1188 2868 1301 2939 eadem
1408 2887 1410 2954 j

276 2993 283 3010 ·
343 2979 398 3050 die
417 2979 557 3050 natalem
579 2978 677 3051 habet
691 2976 745 3049 hir
758 2979 940 3048 Mammaeae
958 2969 1248 3079 Alexander‚qua
1265 2977 1302 3045 il·
1407 3013 1408 3024 κ

342 3087 375 3158 le
388 3089 529 3182 Magnus
544 3087 706 3159 exceffite
721 3085 802 3159 vita.
816 3085 976 3158 Delatum
992 3084 1050 3154 sibi
1064 3087 1229 3155 Antonini
1243 3105 1302 3151 no·

344 3219 421 3264 men
446 3220 464 3264 a
485 3196 607 3264 Senatu
634 3193 822 3282 recusavit,
846 3218 923 3266 cum
946 3191 1001 3263 hic
1018 3191 1126 3290 'magis
1142 3191 1303 3287 affinitate

340 3303 505 3378 Caracalli
527 3301 745 3403 jungeretur,
768 3327 867 3397 quam
888 3301 951 3404 ille,
968 3301 1166 3373 subditivus.
1183 3295 1301 3392 'Siqui-

340 3417 417 3486 dem
439 3420 494 3506 (ut
514 3419 638 3486 Marius
658 3413 827 3484 Maximus
847 3412 932 3483 dixit
950 3409 984 3482 in
1003 3411 1073 3482 vita
1088 3406 1223 3508 Severi)
1237 3431 1302 3480 no-

340 3526 440 3598 bilem
458 3527 611 3597 Orientis
625 3523 797 3594 mulierem
818 3523 978 3609 Severus,
993 3519 1086 3611 cujus
1102 3519 1191 3591 hanc
1206 3517 1301 3615 geni·

341 3654 449 3706 turam
471 3635 534 3706 elle
553 3648 783 3732 compererat)
802 3650 838 3700 ur
858 3653 947 3700 uxor
967 3625 1182 3723 Imperatoris
1198 3624 1300 3712 effer,

341 3743 453 3816 adhuc
473 3743 674 3838 privatus&
689 3763 758 3810 non
774 3741 884 3834 magni
895 3731 978 3810 'latis
996 3735 1064 3809 loci
1077 3787 1088 3824 ,
1100 3735 1200 3808 duxit
1215 3758 1300 3806 uxo·

341 3875 433 3934 rent:
450 3875 492 3925 ex
510 3875 578 3949 qua
597 3848 758 3930 affinitate
779 3847 834 3925 hic
853 3843 1151 3938 Alexanderfuit,
1170 3843 1227 3922 cui
1241 3865 1300 3920 ver
1325 3904 1328 3912 .
