2884 4828
988 128 996 204 l

259 323 911 400 uarurrunxrmuausron.·
960 392 963 402 .
1006 339 1080 428 ns
1157 428 1159 434 ,

113 504 182 576 rat,
198 485 311 560 soluit.
327 472 484 560 Annona
503 483 743 560 consultiffime
762 473 926 583 pro'vidit.
938 490 980 560 Et
994 516 1072 564 cum

111 618 238 674 tantam
257 593 429 695 penuriam
453 595 559 712 aerprii
583 596 740 684 haberer,
759 615 798 670 ut
816 617 936 694 prater
962 599 1071 674 decies

109 711 292 784 sestertium
314 736 387 783 non
410 709 443 782 se
469 706 631 783 invenisse
655 706 836 797 fateretur,
862 710 998 784 coadus
1025 711 1081 814 est.

109 844 148 893 ea
174 821 328 917 exigere,
360 844 436 915 qua:
469 816 684 894 Commodus
717 817 905 906 indixeram
931 840 1073 910 contra,

109 955 214 1026 quarn
229 930 392 1026 proleffus
408 928 525 1004 suerat.
539 928 702 1026 Denique
718 929 882 1026 aggressus
901 955 978 1004 eum
993 935 1085 1034 Lol-p

107 1038 219 1112 lianus
236 1041 424 1114 Gentianus
436 1037 654 1126 Consularis,
676 1039 770 1135 quod
792 1057 912 1112 contra
926 1041 1073 1136 promis·

106 1147 179 1256 sum
192 1149 321 1224 faceret
330 1204 344 1238 ,
366 1148 566 1224 neceffitatis
582 1148 750 1220 rationem
767 1148 908 1244 accepit.
927 1151 1073 1225 Audio·

105 1284 185 1332 nem
204 1286 318 1333 rerum
337 1257 525 1332 Commodi
544 1257 681 1360 habuiu,
697 1256 743 1330 ita
764 1274 802 1329 ut
824 1261 1011 1354 &pueros
1033 1263 1083 1354 &g

105 1368 320 1442 concubinas
349 1365 452 1438 vendi
484 1364 638 1458 juberet3
666 1363 824 1460 exceptis·
844 1366 907 1452 iis,
927 1369 986 1464 qui
1013 1395 1072 1465 per

105 1478 181 1552 vim
209 1476 338 1551 Palatio
367 1475 584 1563 videbantur
601 1474 728 1548 inserti.
754 1477 792 1549 δι
818 1475 858 1548 de
885 1477 958 1565 his,
984 1503 1072 1575 quos
1175 1495 1177 1502 '

104 1587 212 1682 uendi
235 1585 348 1680 judit,
366 1585 464 1658 multi
484 1585 599 1682 postea
620 1583 744 1658 redudli
766 1584 1070 1682 admisi-sterium,

103 1695 363 1770 obleuaverunt
382 1693 514 1768 senem:
530 1693 591 1790 qui
606 1717 665 1790 per
678 1693 763 1766 alios
777 1693 951 1790 Principes
966 1695 1070 1795 usque

103 1803 374 1879 adleuatoriam
402 1804 599 1903 dignitatem
632 1823 873 1898 pervenerunt.
906 1807 1071 1896 Sennas,

103 1915 372 2013 turpiffimorum
388 1914 566 1990 nominum
582 1914 750 1988 dedecora
762 1913 980 2010 perferentes,
990 1945 1070 2016 pro·
1096 1903 1099 1908 ⁵
1194 2013 1201 2020 ι

103 2025 233 2124 scriplit
250 2051 290 2102 ac
307 2024 472 2102 vendidit.
486 2023 582 2116 cujus
598 2021 855 2112 nundinationis
871 2029 1070 2121 pecuniam,

101 2161 181 2234 quae
195 2135 313 2231 ingens
334 2132 423 2222 fuir,
441 2131 608 2207 militibus
623 2131 792 2204 donativo
809 2134 911 2208 dedit.

151 2245 243 2314 Vlll.
267 2245 296 2314 A
322 2239 451 2315 libertis
472 2238 576 2315 etiam
604 2263 644 2313 ea
665 2237 795 2334 exegit,
817 2239 939 2334 quibus
960 2242 1068 2316 Com·

104 2350 213 2424 modo
236 2349 406 2424 vendente
427 2347 522 2422 ditati
544 2347 686 2422 fucrant.
713 2346 835 2420 Audio
857 2344 933 2420 sane
956 2373 1069 2422 rerum
1156 2435 1158 2440 ,
1229 2421 1236 2432 ,

39 2528 44 2544 ,
102 2459 290 2534 Commodi
310 2458 353 2536 in,
374 2458 428 2536 bis
453 2454 615 2556 inbgnior
635 2453 718 2530 fuit:
739 2454 840 2531 vellis
860 2455 1069 2554 subtegmine

103 2573 211 2648 serico
227 2572 336 2646 aureis
347 2569 425 2644 liliis
442 2573 622 2668 insignior,
636 2595 697 2666 per
712 2569 843 2644 tunicas
856 2571 1069 2670 paenulasque

102 2684 254 2757 lacernas
278 2683 316 2755 δι
336 2681 532 2754 chirodotas
551 2682 787 2753 Dalmatarum
804 2681 992 2755 &cirratas
1005 2683 1069 2756 mi-

103 2794 234 2882 litares,
255 2789 505 2889 purpureasque
523 2788 717 2891 chlamydes
735 2787 951 2868 Graecainicas
967 2813 1068 2892 atque

104 2904 303 2992 castrenses,
324 2905 363 2977 δι
393 2903 517 2977 cuculli
544 2903 717 2993 Bardaici,
741 2907 779 2980 δι
802 2921 883 3003 toga
910 2931 1068 3002 armaque

2 3093 3 3096 g
102 3014 297 3112 gladiatoria
309 3013 448 3112 gemmis
462 3037 613 3109 auroque
641 3013 847 3110 composita,
861 3017 900 3090 δι
924 3018 1092 3095 ιῐιεεὴεωχ

102 3153 153 3202 ras
178 3127 425 3217 Herculaneas,
447 3127 486 3201 dc
513 3143 653 3226 torques
673 3127 887 3225 gladiatorias
895 3168 913 3219 ‚·
922 3131 1068 3228 vasaque

101 3240 196 3312 eluto
214 3263 319 3327 auro,
341 3232 465 3325 ebo're,
488 3239 833 3336 argento,·citroque
856 3241 1067 3336 composita,

100 3367 201 3443 atque
222 3348 321 3420 etiam
343 3345 628 3442 phallouitroboli
644 3369 691 3440 ex
715 3347 856 3420 materie
871 3349 1007 3436 eadem,
1029 3352 1069 3424 δι
1145 3365 1153 3388 ·

102 3455 180 3530 vasa
203 3453 406 3544 Samnitica,
426 3453 640 3528 calfactandae
662 3455 776 3528 resrn'ae
804 3479 842 3529 ac
868 3457 934 3551 pici
956 3455 1068 3528 diuel·
1189 3453 1193 3462 '

100 3563 208 3636 lendis
228 3561 425 3634 horninibus
444 3587 484 3638 ac
505 3561 720 3660 laevigandis:
742 3588 807 3636 nec
828 3587 901 3634 non
923 3563 1067 3636 vehicu-

98 3673 129 3745 la
155 3692 228 3747 arte
254 3671 392 3747 fabricae
418 3695 539 3760 nova,⁴
560 3675 728 3771 perplexis
749 3671 952 3769 direrdsque
974 3693 1068 3768 rota<

99 3782 177 3860 rum
201 3783 346 3861 orbibus
370 3787 408 3860 δι
427 3780 603 3904 euquifitis
622 3783 803 3875 sedilibus,
825 3808 917 3861 nunc
940 3785 982 3864 ad
1008 3783 1066 3868 so·¹
