2884 4828
17 935 19 996 l

270 317 489 389 Ν..ΑΝΤ
526 319 955 392 uuuosouuus
1051 323 1093 420 a,

97 475 357 660 vendiditque
383 502 481 550 aurea
510 479 632 574 pocula
656 482 693 553 dt
720 479 913 578 crystallina
939 484 977 555 δι
1003 509 1111 580 myr

138 588 256 675 rhina,
277 585 344 660 vas
339 613 357 658 a
375 586 472 686 etiam
494 587 605 684 regia,
632 589 668 660 δι
691 588 814 660 vestem
840 589 993 661 uxoriam
1019 593 1100 665 seri-

141 723 213 772 cam
235 699 273 768 &
297 716 465 768 auratam·
455 721 627 794 ,gemmas
645 697 727 794 quin
747 700 867 786 etiam,
880 725 961 796 quas
982 703 1103 776 multas

141 809 177 881 in
198 806 389 902 repostorio
417 807 582 881 sandiore
609 807 767 880 Hadriani
789 828 964 904 repererat.
985 813 1022 884 δι
1045 839 1104 907 pec

139 917 227 989 duos
247 916 380 1013 quidem
407 915 534 988 menses
564 917 638 988 haec
660 915 815 989 venditio
840 913 1004 992 celebrata
1031 922 1104 1012 est,
1170 919 1175 928 ’

96 1097 100 1104 .
142 1040 336 1124 tant-umque
355 1052 429 1098 aurr
420 1026 637 1115 Qredaslum
660 1044 715 1110 ur,
739 1027 957 1124 reliquias
914 1029 957 1100 be
959 1029 1105 1102 lliMar-

120 1137 335 1214 ·comannici
353 1161 397 1208 ex
419 1134 578 1208 sententia
602 1134 815 1230 persecutns,
834 1136 949 1231 poslea
976 1139 1105 1214 dederit

143 1247 339 1344 potestatem
360 1244 564 1348 emtoribus,
585 1267 645 1330 ur,
668 1243 691 1314 si
714 1245 786 1340 quis
807 1247 908 1318 vellet
927 1272 1012 1322 emta
1029 1253 1107 1322 red

143 1359 240 1444 dere,
255 1375 355 1450 atque
375 1377 492 1424 aurum
508 1350 680 1446 recipere,
695 1351 792 1424 sciret
810 1352 930 1426 licere:
949 1353 1010 1430 ne'c
1028 1349 1107 1430 mo·

144 1467 247 1539 lestus
270 1465 331 1536 ulli
357 1463 440 1552 suit,
469 1460 527 1560 qui
542 1493 544 1496 ·
559 1461 616 1533 vel
647 1485 717 1534 non
744 1463 888 1535 reddidit
911 1465 1108 1566 emta‚‚vel

146 1573 303 1649 reddidit.
321 1573 421 1644 Tunc
437 1569 519 1644 viris
535 1567 734 1641 clarioribus
752 1569 917 1662 permisit,
932 1590 970 1643 ut
986 1573 1106 1646 eodem
1173 1577 1192 1662 f

147 1685 262 1774 cultu,
286 1705 356 1780 quo
377 1677 520 1774 &ipse,
545 1677 603 1748 vel
625 1675 816 1749 ministeriis
836 1679 997 1754 similibus
1019 1707 1107 1755 con-

150 1792 247 1863 vivia
275 1788 486 1860 exhiberent.
511 1789 555 1856 ln,
572 1808 711 1856 munere
739 1805 848 1857 autem
874 1788 1015 1882 publico
1039 1809 1107 1862 tam
1178 1783 1180 1797 '

150 1900 381 1998 magnanimus
402 1897 488 1987 suit,
507 1915 543 1967 ut
565 1914 700 1968 centum
723 1896 838 1970 leones
863 1923 931 1971 una
954 1899 1108 1974 missione

149 2011 248 2122 sinqul
271 2010 468 2098 exhiberet,
488 2007 613 2103 sagittis
633 2007 838 2081 iuterfeslos.

210 2123 334 2195 XVlll.
353 2121 439 2192 Cu'm
460 2117 559 2213 igitur
581 2117 615 2188 in
635 2142 760 2188 amore,
773 2118 927 2190 omnium
949 2119 1109 2218 imperas·

119 2233 221 2322 sset,
245 2250 344 2324 atque
366 2230 408 2300 ab
427 2227 500 2299 aliis
523 2227 628 2298 modo
641 2221 764 2316 frater,
781 2229 887 2300 modo
902 2256 1013 2324 pater,
1036 2257 1109 2302 mo-

153 2345 200 2418 do
213 2347 328 2436 filius,
349 2359 387 2410 ut
409 2337 568 2432 cujusque
590 2356 666 2411 aetas
687 2339 833 2429 sinebat,
857 2343 895 2414 &
920 2343 1110 2432 diceretur,

117 2451 119 2456 ’
154 2457 191 2526 &
205 2446 673 2534 amaretursodlavodecimo
688 2473 780 2520 anno
801 2449 933 2544 imperii
947 2449 1016 2540 sui,
1039 2452 1113 2523 sex·
1132 2463 1134 2467 ’

155 2559 299 2657 agesimo
329 2561 365 2628 δι
400 2556 511 2650 primo
546 2555 645 2642 virae,
682 2557 771 2628 diem
802 2558 956 2630 ultimum
989 2559 1113 2632 clausit.

156 2667 333 2761 tantusque
351 2664 440 2734 illius
462 2687 558 2734 amor
579 2660 633 2734 die
661 2665 743 2761 regii
769 2665 895 2739 fitneris
919 2668 1058 2756 claruit,
1077 2686 1114 2741 ut

130 2843 132 2848 ,
157 2801 259 2850 nemo
274 2775 366 2846 illum
383 2773 802 2869 plangendumhcensumir,
816 2775 913 2848 certis
931 2776 1112 2866 omnibus,
1192 2777 1195 2782 ’

157 2887 291 2985 quoda
316 2882 394 2955 Diis
416 2882 650 2956 commodatus
667 2884 707 2956 ad
722 2886 819 2958 Deos
841 2885 986 2958 redisset.
1006 2885 1114 2960 Deni-

116 3053 118 3060 ι
159 2997 245 3095 que,
265 2993 453 3090 priusquam
476 2991 574 3062 sunus
599 2990 822 3082 conderetur,
839 3015 876 3067 ut
898 2997 1049 3094 plerique
1064 2998 1115 3070 di·

159 3125 261 3194 cunt,
283 3100 395 3200 (quod
413 3125 583 3196 nunquam
601 3121 698 3192 antea
722 3103 842 3176 sactum
863 3104 988 3189 suerat,
1006 3131 1116 3204 neque

160 3211 293 3310 postea)
316 3215 454 3282 Senatus
474 3205 703 3312 podttlusque,
718 3236 788 3283 non
810 3213 922 3286 divifis
938 3215 1041 3304 locis,
1061 3217 1115 3286 sed
1204 3217 1206 3224 ‘
1280 3225 1293 3242 '

161 3324 196 3395 iu
221 3347 289 3394 una
313 3321 409 3409 sede,
425 3319 729 3413 propitiumDeum
754 3321 937 3422 dixit..anic
962 3325 1037 3397 sane
1061 3324 1116 3396 vir

163 3449 273 3504 tantus
290 3433 328 3502 &
348 3429 442 3516 talis,
457 3455 496 3502 ac
516 3431 593 3502 Diis
617 3430 687 3501 vita
705 3433 742 3504 δι
761 3441 881 3504 morte
895 3432 1117 3526 conjunslus,

157 3531 268 3613 ‘silium
287 3540 519 3611 Commodum
541 3538 809 3636 dereliquitzqui
824 3541 870 3628 ,si
892 3539 973 3612 felix
990 3541 1119 3633 fuisset,
1226 3597 1230 3604 ,

79 3714 82 3732 ,
109 3701 127 3711 e
164 3646 270 3718 filium
286 3671 356 3718 non
374 3647 564 3742 reliquisset.
580 3649 622 3717 Et
639 3673 756 3742 parum
774 3649 848 3719 sane
869 3647 954 3735 fuit,
969 3651 1062 3742 quod
1081 3653 1122 3724 il·

165 3758 191 3830 li
205 3760 355 3830 honores
372 3757 509 3830 divinos
523 3757 634 3832 omnis
647 3780 746 3850 ctae,
760 3756 872 3831 omnis
886 3756 1125 3850 sexus‚'0mnis
1187 3769 1191 3776 '

241 3871 368 3963 Scriptr.
391 3871 438 3942 H.
453 3875 509 3942 Ἀ.
619 3855 620 3858 ¹
908 3868 937 3935 E
