2884 4828
340 305 388 384 at
536 303 689 380 tuatt
724 303 1104 420 cuntrottur
1227 277 1236 296 ‘

312 478 413 570 ¹tes,
435 456 471 535 in
497 458 627 532 Urbem
654 457 834 532 destinatus
863 457 931 532 est:
950 459 1007 534 sed
1037 483 1108 532 non
1135 459 1240 560 longe
1264 463 1306 538 ab'

340 569 461 644 Altino
474 567 585 644 subito
602 569 638 642 in
656 567 819 644 vehiculo
837 569 981 660 morbo,
1001 593 1102 668 quern
1120 573 1308 668 apoplexin
1347 597 1375 660 u

339 701 491 772 vocant,
511 699 688 778 correptus
709 680 857 773 Lucius,
877 682 1048 778 depositus
1069 704 1088 756 e
1115 683 1306 774 vehiculo,
1425 691 1427 698 '

339 791 489 868 derratto·
510 791 666 888 sanguine
686 791 841 864 Altinum
862 793 1069 888 perdullus,
1093 817 1170 867 cum
1190 793 1306 870 triduo

339 917 455 973 mutus
474 898 628 988 vixitter,
645 899 735 995 apud
755 898 910 972 Altinum
934 899 1045 995 periit.
1252 903 1254 908 ’

390 1011 434 1082 Χ.
456 1007 533 1082 Fuit
546 1008 677 1100 sermo,
691 1011 785 1104 quod
800 1012 839 1086 δι
857 1007 990 1084 socrum
1008 1007 1193 1084 Faustinam
1213 1009 1306 1084 lnce·

341 1119 459 1194 llallet.
481 1121 520 1195 δι
546 1120 672 1194 di'citut
699 1121 862 1194 Faustina
890 1119 1007 1195 socrus
1033 1121 1138 1211 dolo,
1170 1119 1306 1216 aspersis

339 1229 459 1302 ostreis
485 1253 624 1304 veneno
643 1231 824 1306 exstinblus
839 1229 902 1304 elle
919 1258 929 1304 a
944 1230 1098 1321 idcirco,
1111 1231 1207 1326 quud
1219 1256 1308 1305 con-

340 1337 551 1414 suetudinem
566 1395 577 1431 ,
591 1365 693 1440 quant
712 1365 791 1415 cunt
812 1334 918 1414 melre
932 1341 1116 1427 habuerat,
1129 1337 1207 1410 filiae
1220 1342 1306 1435 pro·
1358 1391 1362 1398 -

339 1448 492 1524 didisset:
509 1451 670 1548 quamvis
689 1451 728 1525 δι
744 1450 801 1524 illa
816 1449 951 1538 fabula,
964 1473 1041 1546 quae
1059 1448 1095 1519 in
1111 1449 1219 1524 Marti
1235 1449 1306 1524 rita

340 1559 451 1658 polita
473 1559 547 1656 est,
570 1558 755 1632 abhorrens
775 1581 795 1628 a
821 1556 897 1628 talis
920 1556 987 1627 viri
1011 1556 1080 1630 rita
1097 1556 1137 1628 srt
1158 1576 1307 1634 exorta:

336 1694 417 1746 cunt
447 1668 545 1771 tnulti
575 1668 675 1740 etiarn
698 1666 802 1741 uxori
824 1665 895 1759 ejus
920 1665 1085 1764 flagitium
1109 1668 1229 1742 mortis
1255 1669 1306 1742 as·

337 1779 492 1880 signent,
506 1779 637 1853 idcirco
655 1779 751 1876 quod
764 1778 872 1852 Fabiae
879 1777 1024 1853 ninnium
1039 1779 1219 1854 indulserat
1234 1783 1306 1854 Ve-

336 1915 418 1983 rus,
435 1889 532 1983 cujus
553 1888 742 1986 potentiam
768 1912 860 1962 uxor
881 1885 978 1960 Lucii
1002 1887 1061 1960 vel
1082 1888 1191 1960 Marci
1218 1887 1306 1962 ferre

336 2023 411 2074 non
441 1998 559 2095 pollet.
580 1997 693 2071 Tanta
719 1997 796 2070 sane
824 1997 1030 2071 familiaritas
1051 1996 1139 2071 inter
1163 1998 1305 2072 Luciunt

337 2114 378 2186 &
394 2105 527 2184 Fabiani
548 2109 701 2182 sororem
721 2109 807 2195 fuir,
821 2127 860 2182 ut
872 2109 940 2181 hoc
960 2131 1099 2206 quoque
1116 2108 1306 2203 usurpaue-
1351 2128 1354 2134 ·

337 2222 383 2296 rit
403 2243 542 2312 tumor,
562 2222 659 2320 quo'tl
678 2221 816 2300 inierint
836 2219 1016 2297 confilium
1041 2221 1083 2295 ad
1104 2223 1256 2296 Marcum
1285 2244 1306 2294 e

336 2331 413 2404 vita
435 2329 637 2404 tollendum.
651 2330 755 2428 idque
770 2354 851 2403 cunr
870 2330 949 2403 ellet
967 2355 1026 2425 per
1042 2330 1248 2428 Agaclytum
1261 2330 1306 2403 li·
1393 2381 1394 2388 κ

153 2479 157 2494 ·
311 2461 313 2466 '
335 2442 470 2516 bertum
495 2441 665 2539 proditum
685 2443 918 2530 Marco‚ante
947 2441 1134 2513 adventum
1161 2441 1305 2516 Lucium

337 2551 493 2623 Faustina
517 2575 600 2625 nece
623 2568 842 2646 prevenerat.
867 2547 943 2620 Fuit
961 2548 1107 2622 decorus
1128 2573 1311 2644 corpore,.

188 2641 207 2711 ',
336 2662 438 2732 vultu
463 2681 673 2774 gemmatus,
691 2658 794 2732 barba
819 2680 928 2754 prope
952 2655 1125 2731 barbarice
1145 2655 1305 2749 dentilla,
1343 2738 1346 2744 ,
1372 2651 1374 2658 Χ

335 2777 524 2868 procetus‚'
539 2770 576 2840 δι
596 2767 711 2840 fronte
732 2769 768 2840 in
786 2765 962 2862 supercilia
987 2766 1182 2841 adductiore
1203 2792 1305 2842 vene·

336 2876 462 2951 rabilis.
479 2875 617 2950 Dicitur
635 2875 714 2948 sane
730 2893 856 2947 tentant
872 2874 1021 2949 nabuilte
1038 2901 1153 2950 curam
1172 2876 1304 2950 flaven·
1424 2955 1425 2980 p

338 2986 425 3061 tium
450 2987 674 3082 capillorum,
694 3005 732 3059 ut
750 2987 853 3083 capiti
877 2986 950 3060 auti
971 3011 1122 3060 ramenta
1139 2987 1304 3086 resperge·
1424 2987 1425 2993 ’

337 3111 412 3183 ret,
426 3119 498 3192 quo
513 3094 618 3192 magis
631 3113 730 3170 conta
746 3093 933 3168 illuminata
953 3093 1161 3170 flavesceret·
1175 3095 1303 3195 Lingur
1423 3181 1424 3190 ἵ

337 3206 537 3303 impeditior
555 3205 628 3281 fuit.
647 3207 727 3280 aleae
751 3207 997 3304 cupidiffimus:
1014 3207 1095 3283 vitae
1106 3205 1237 3305 semper
1249 3207 1303 3279 lu·
1423 3209 1424 3285 ζ

336 3315 511 3403 unciolae,
535 3334 635 3411 atque
650 3316 684 3387 in
707 3317 861 3410 pluribus
882 3317 998 3409 Nero,
1020 3335 1141 3412 praeter
1159 3315 1304 3390 crudeli·
1368 3344 1373 3353 ³

336 3444 441 3500 tatem
465 3429 503 3502 δι
524 3427 679 3501 ludibria.
700 3428 825 3514 Habuit
842 3429 932 3502 inter
944 3429 1046 3502 aliurn
1074 3429 1217 3502 luxuria
1240 3453 1303 3524 ap·

337 3557 492 3632 paratum
518 3537 654 3612 calicent
681 3537 911 3636 crystallinum
938 3535 1302 3624 nominevntucrem,

281 3677 284 3685 ·
339 3669 383 3718 ex
406 3645 477 3742 ejus
490 3648 568 3743 equi
589 3647 752 3735 nornine,
769 3652 879 3744 quent'
895 3647 1209 3740 dilexit,huntanae
1236 3669 1302 3746 poe

340 3751 444 3829 tionis
465 3757 607 3830 modum
635 3745 886 3856 supergrellunt.
