2884 4828
227 343 274 413 ιι.
310 307 924 436 tunnetmosoraus.
1014 355 1059 442 59·
1169 361 1172 366 Δ
1270 337 1276 345 ·

102 496 242 572 diciariae
265 500 313 572 rei
329 500 524 600 singularem
549 501 753 600 diligentiam
777 502 944 576 adhibuit:
969 501 1059 580 fallis

102 607 167 680 dies
195 607 389 702 judiciarios
415 609 562 701 addidit,
584 611 631 683 ita
660 629 697 682 ut
727 610 893 686 ducentos
922 614 1059 711 triginta

102 717 166 788 dies
187 731 320 810 annuos,
343 719 441 794 rebus
461 719 597 816 agendis
626 721 805 819 litibusque
834 722 1060 819 disceptandis

103 825 327 898 constitueret.
340 827 524 900 Pratorem
537 829 711 902 tutelarem
727 829 853 926 primus
866 830 966 921 secit,
980 859 1060 908 cum

102 950 173 1004 ante
191 950 319 1006 tutores
336 959 355 1006 a
375 935 581 1010 Consulibus
603 933 836 1032 poscerentur:
863 959 900 1011 ut
919 941 1060 1038 diligen·

102 1040 162 1116 tius
184 1044 224 1116 de
241 1045 412 1142 tutoribus
440 1048 641 1122 traslaretur.
665 1049 722 1121 De
746 1050 963 1126 curatoribus
994 1077 1059 1124 re·

40 1212 43 1218 ,
103 1175 162 1240 ιο,
177 1177 252 1226 cum
275 1176 352 1237 ante
374 1177 443 1231 non
471 1155 531 1227 nisr
551 1181 590 1226 err
612 1154 685 1253 lege
705 1159 872 1248 Laetoria,
897 1161 951 1233 vel
977 1183 1059 1255 pro·

103 1278 171 1356 pter
194 1263 389 1352 lasciviam,
411 1263 469 1336 vel
492 1285 644 1364 propter*
654 1266 853 1342 dementiam
879 1269 1062 1360 darentur,

103 1372 141 1444 ita
164 1373 296 1464 slatuit,
324 1390 361 1446 ut
381 1398 501 1450 omnes
526 1374 631 1450 adulti
656 1394 827 1452 curatores
844 1379 1060 1476 acciperent,

103 1507 165 1566 non
181 1484 318 1560 redditis
333 1487 448 1561 caufis.
476 1566 479 1572 s

159 1595 220 1666 Xl.
246 1592 414 1670 Cavit&
440 1592 603 1666 sumtibus
628 1594 793 1691 publicis,
816 1594 855 1667 δι
883 1591 1060 1668 calumniis

104 1701 394 1796 quadruplatorum
408 1700 608 1793 intercessu,
621 1703 771 1799 apposita
791 1699 877 1774 salsis
898 1700 1062 1778 delatoria

105 1811 159 1883 bus
168 1831 268 1904 nota.
283 1812 502 1905 Delationes,
513 1815 638 1913 quibus
651 1813 748 1886 fiscus
762 1829 959 1911 augeretur,
972 1811 1060 1886 con·

105 1919 214 1992 temlit.
236 1922 293 1994 De
311 1920 478 1995 alimentis
501 1922 646 2018 publicis
666 1920 770 1994 multa
798 1918 1015 2017 prudenter
1005 1945 1060 1992 m·
1092 1990 1094 1996 .

106 2033 203 2106 venit.
220 2035 408 2110 Curatores
426 2036 542 2109 multis
558 2036 772 2124 civitatibus,
787 2060 860 2132 quo
880 2033 977 2108 latius
1003 2036 1060 2108 sed
1096 2094 1099 2100 .

105 2139 242 2214 aratorias
257 2141 410 2214 tenderet
437 2141 636 2241 dignitates,
658 2168 677 2214 e
700 2145 821 2216 Senatu
843 2142 945 2216 dedit.
967 2143 1062 2221 ltali-¹

45 2299 47 2306 .
106 2246 146 2318 cis
163 2249 358 2330 civitatibus
379 2248 649 2346 samistempore
670 2250 876 2324 frumentum
899 2275 942 2323 ex
962 2252 1059 2322 Urbe
1114 2291 1116 2298 ,
1159 2306 1161 2318 .

106 2353 258 2466 donavit.
280 2357 443 2455 omnique
463 2358 694 2432 frumentariae
712 2380 760 2434 rer
750 2357 955 2436 Qeonsuluit
971 2357 1061 2428 Gla
1058 2425 1062 2436 ,

105 2462 234 2540 diatoria
263 2466 447 2589 speslacula
470 2467 685 2542 omnifariam
713 2466 925 2562 temperavit.
950 2467 1062 2546 Tem-g

105 2575 226 2664 peravit
242 2574 346 2648 etiam
364 2575 510 2651 scenicas
525 2576 750 2698 donationes,
766 2573 907 2670 jubens,
923 2593 961 2648 ut
982 2572 1061 2670 quia

104 2704 161 2756 nos
181 2708 306 2758 aureos
324 2683 448 2758 scenici
470 2682 684 2778 acciperent,
703 2683 749 2756 ita
769 2702 904 2772 tamen,
923 2701 960 2754 ιιι
979 2683 1061 2760 nul-

104 2785 149 2868 lus
158 2794 266 2868 editor
277 2795 394 2870 decem
406 2818 526 2869 aureos
544 2793 765 2893 egrederetur.
776 2794 858 2872 Vias
870 2794 970 2868 etiam
987 2797 1060 2878 Ure

105 2897 150 2974 bis
164 2922 261 3004 atque
282 2904 440 2980 itinerum
456 2905 704 3004 diligentiffime
729 2905 875 2982 curavit.
897 2907 961 2980 Rei
983 2905 1064 2986 stud,

105 3018 266 3094 mentariae
290 3017 437 3116 graviter
458 3016 620 3114 prouidit.
645 3015 745 3090 Datis
761 3015 929 3110 juridicis,
950 3016 1058 3089 ltaliae
1155 3017 1158 3030 '

106 3124 282 3217 consuluit,
297 3128 338 3200 ad
357 3127 392 3199 id
408 3126 620 3225 exemplum,
636 3150 707 3224 quo
724 3125 913 3202 Hadrianus
930 3125 1060 3202 consu-l

105 3229 181 3310 lares
198 3238 294 3314 viros
317 3240 455 3314 reddere
473 3236 545 3334 iura
564 3257 780 3336 praeceperat.
802 3221 971 3334 Hispaniis
992 3261 1058 3316 err-1

104 3336 238 3438 batillis,
249 3349 364 3424 Italica
377 3348 572 3438 allectione,
582 3366 701 3422 contra
715 3345 851 3441 Traiani
865 3360 1059 3444 praecepta,

104 3463 287 3534 verecunde
304 3461 487 3536 consuluit.
505 3465 609 3557 Leges
626 3459 724 3534 etiam
748 3457 877 3535 addidit
898 3457 939 3530 de
961 3455 1057 3529 vicea

103 3560 173 3636 sima
195 3568 437 3661 hereditatum,
461 3569 502 3642 de
519 3569 632 3644 tutelis
647 3569 870 3654 libertorum,
890 3565 932 3636 de
952 3560 1057 3637 bonis

103 3676 276 3766 maternis,
298 3680 336 3754 &
362 3677 442 3752 item
464 3678 506 3750 de
530 3675 677 3751 liliorum
703 3669 969 3756 successionibus
988 3691 1055 3763 pro

103 3799 195 3878 parte
210 3807 380 3878 materna;
396 3809 499 3886 utque
523 3785 692 3864 senatores
712 3779 881 3886 peregrini
902 3793 1054 3878 quartam
1179 3833 1180 3836 ι
