2932 4824
940 157 951 196 1

310 313 907 390 CLODlUSALBINUS.
1028 311 1170 412 alle,

131 467 301 572 injustus,
316 498 416 554 atrox
435 478 522 554 circa
533 476 686 552 militem.
701 477 789 552 Nam
808 476 894 574 sape
907 477 944 551 dr
957 454 1098 552 ordina·

131 587 209 660 rior
228 586 479 676 Centuriones,
495 588 554 662 ubi
576 585 682 661 causae
703 585 846 684 qualitas
865 610 936 659 non
950 586 1099 682 poslula·

9 735 10 740 κ
131 695 213 778 bat,
225 696 260 768 in
277 721 413 772 crucem
434 695 569 770 sullulit.
591 696 797 771 Verberavit
817 715 908 770 certe
921 695 1027 794 virgis
1042 693 1098 767 sae·

132 803 291 900 piffimer
312 827 580 904 nequeunquam
602 805 959 902 deliniamentum
977 801 1115 878 vestitu·

61 945 63 950 ·
133 912 348 988 nitidiffimus
365 913 450 1005 suit,
464 916 499 988 in
522 915 692 989 convivio
712 914 950 992 sordidissimus
961 967 972 1002 ,
984 913 1022 986 δι
1036 911 1101 986 soli

133 1021 412 1120 studenseopia23
436 1023 645 1098 mulierarius
662 1023 750 1098 inter
771 1018 1101 1120 primos'amatorea‚

69 1175 76 1188 ι
135 1130 262 1204 aversae
281 1133 424 1208 Veneris
443 1133 572 1229 semper
591 1131 744 1230 ignarus,
761 1136 798 1206 dt
818 1133 934 1205 talium
948 1133 1101 1228 persecu·
1141 1187 1144 1198 .

135 1259 219 1326 tor3
232 1240 440 1337 agricolandi
462 1240 694 1336 peritiffimus,
711 1242 757 1314 ita
768 1257 808 1313 nt
817 1241 916 1314 etiam
930 1242 1102 1338 Georgica
1166 1303 1169 1320 ι

135 1347 316 1442 scripserit.
339 1349 483 1424 Milefias
507 1350 667 1424 nonnulli
694 1349 841 1446 ejusdem
869 1349 933 1423 etse
959 1349 1102 1440 dicunt,
1201 1422 1214 1438 ,Ι

135 1483 285 1555 quarum
300 1457 389 1534 sama
406 1487 479 1536 non
499 1461 658 1560 ignobilis
674 1461 837 1552 habetur,
851 1459 1007 1560 quamvis
1027 1483 1102 1540 mee

137 1566 304 1658 diocriter
323 1569 455 1666 scripte
473 1571 548 1644 sint.
773 1659 776 1665 ¹

190 1675 267 1750 Xll.
282 1679 313 1750 Α
329 1679 453 1751 Senatu
471 1697 601 1754 tantum
624 1696 751 1754 amatus
771 1676 842 1768 est,
859 1693 1021 1775 qnantum
1039 1697 1102 1748 ne·

139 1806 202 1856 mo
224 1783 417 1881 Principum
428 1785 493 1877 ,in
513 1785 630 1860 odium
652 1786 822 1885 speciatim
845 1783 983 1875 Severi,
1000 1807 1102 1882 quent

139 1892 422 1970 vehementer‘ob
437 1897 665 1972 crudelitatem
678 1899 821 1972 oderant
831 1899 1019 1971 Senatores.
1030 1895 1104 1968 De·
1226 1889 1232 1896 ’

144 2007 249 2105 nique
266 2009 357 2084 visio
379 2033 424 2084 eo
445 2009 581 2107 plurimi
601 2012 781 2088 Senatores
804 2034 824 2082 a
847 2011 977 2082 Severo
1000 2007 1105 2080 inter·

144 2115 222 2190 feni
239 2118 331 2209 sunt,
356 2117 507 2218 qui-ejus
524 2114 669 2215 partium
692 2119 750 2218 rel
771 2141 855 2191 vere
872 2115 1024 2206 fuerant,
1044 2113 1104 2188 vel

144 2228 209 2301 effe
236 2230 448 2306 videbantur.
477 2230 639 2327 Denique
673 2253 749 2302 cum
779 2225 871 2324 apud
901 2228 1103 2326 Lugdunum

145 2339 289 2410 eundem
311 2335 546 2428 interfecisset,
574 2337 679 2411 llatim
706 2339 817 2410 literas
843 2335 968 2434 inquiri
994 2333 1104 2428 juffit,

144 2445 192 2518 ita
204 2469 241 2520 ut
257 2441 445 2539 inveniret,
460 2451 518 2528 vel
527 2449 568 2522 ad
577 2471 666 2546 quos
680 2446 750 2544 ipse
766 2447 956 2542 scripfisset,
971 2445 1027 2518 vel
1044 2443 1111 2541 qui

145 2555 276 2630 adeum
293 2559 543 2655 rescripsissent:
561 2556 744 2652 omnesque
764 2554 862 2643 illos,
876 2579 1020 2652 quorum
1033 2552 1105 2648 epi·

145 2664 249 2736 siolas
272 2667 417 2762 reperit,
436 2665 548 2738 hostes
569 2661 710 2756 judicari
729 2688 750 2736 a
769 2664 892 2738 Senatu
922 2658 1019 2736 secitr'
1041 2685 1105 2736 nec

146 2772 199 2846 his
213 2775 384 2870 pepercit,
399 2773 454 2847 sed
467 2775 505 2848 δι
518 2772 610 2869 ipsot
622 2772 812 2864 interemit,
829 2773 866 2848 dt
882 2770 972 2845 bona
985 2795 1104 2845 eorum

132 2879 342 2978 'proseripfit
353 2937 365 2971 ,
376 2903 477 2982 atque
490 2883 525 2956 in
542 2881 694 2956 aerarium
713 2882 884 2978 publicum
898 2881 1023 2956 retulit.
1036 2884 1106 2956 Ert-

148 2987 210 3062 stat
228 2991 370 3085 epistola
389 2991 527 3080 Severi,
550 3017 627 3086 qun
652 2991 799 3063 oslendit
819 2990 966 3062 animum
987 2988 1106 3078 suum,

150 3093 241 3166 milla
263 3096 306 3168 ad
323 3098 499 3185 Senatum,
517 3093 613 3189 cujus
633 3095 703 3170 hoc
721 3095 913 3192 exemplum
931 3096 995 3169 esl:
1011 3100 1109 3170 Niltil
1179 3131 1182 3137 ·
1233 3074 1240 3090 x

151 3208 230 3278 milri
238 3212 367 3304 gravius
390 3209 485 3310 potest
499 3211 642 3295 ,etenim
663 3211 774 3282 Patres
797 3209 971 3305 (infortiari
982 3221 999 3296 ,'
1012 3235 1106 3302 quam

151 3341 187 3392 ut
198 3321 322 3416 vultum
328 3319 489 3408 judicium
503 3321 643 3394 Albinus
662 3321 783 3390 haberet
798 3324 907 3412 potins
917 3346 1035 3416 „squam
1050 3324 1108 3390 Se·

151 3453 248 3500 verus.
270 3432 342 3524 Ego
359 3429 523 3518 frumenta
541 3430 708 3524 reipublicae
730 3434 829 3500 dentli
838 3481 849 3515 ,
863 3457 917 3526 ego
931 3435 1031 3499 multa
1044 3432 1107 3498 bea

152 3541 266 3628 lapso
291 3541 444 3630 republica
471 3537 546 3636 grffi
558 3589 570 3626 ,
597 3543 790 3633 agn-populo
814 3543 958 3612 Romano
982 3562 1106 3606 tanturn
1259 3558 1263 3566 ‘

50 3649 54 3656 ’
152 3648 210 3720 olei
226 3651 505 3741 utrumquem
527 3675 624 3720 return
650 3671 766 3724 narrem
788 3652 847 3730 trix
870 3648 987 3716 habuit.
1009 3649 1107 3740 Ego,

91 3745 94 3751 ¹
152 3757 304 3856 interfusio
321 3760 488 3857 Pescennio
500 3760 623 3857 Nigro,
634 3785 727 3832 vota
748 3758 846 3832 malis
865 3756 1044 3850 tyrannicis
1063 3758 1106 3824 n·-
