2856 4824
343 357 417 454 ²58
511 356 1164 436 acrrtnuuatorr

345 543 446 596 natus
472 520 681 618 congruebat
704 520 819 592 omnia
841 521 939 594 simul
961 521 1114 614 deferre,
1134 545 1194 598 aut
1213 527 1312 604 bono

345 629 494 725 Principi
507 651 637 724 raptum
654 630 703 701 ire
719 647 772 702 tot
787 631 883 702 simul
897 633 1085 732 dignitates.
1102 635 1229 710 Milites
1242 638 1310 733 jarn

244 795 254 830 ,Ι
345 737 563 811 insueverant
593 735 653 807 fibi
670 739 890 833 Imperatores
911 741 1194 820 &tumultuario
1220 743 1311 838 judi-

262 877 265 884 *
345 851 405 926 cio
419 847 563 935 sarcre,
583 847 621 920 &
641 845 720 920 item
740 845 840 921 facile
859 868 1005 937 mutare,
1024 850 1199 926 afferentes
1217 881 1309 927 non-

345 982 519 1053 nunquam
542 955 584 1028 ad
608 955 857 1048 defensionem,
874 956 905 1031 se
920 957 1051 1033 idcirco
1068 959 1199 1051 secisse,
1212 964 1308 1059 quod

334 1065 521 1142 'nescissent
542 1065 699 1137 Senatum
725 1065 915 1162 Principem
941 1068 1141 1164 appellasse:
1170 1096 1247 1141 narn
1269 1074 1308 1144 δι

343 1177 563 1256 Pescennium
580 1157 745 1272 Nigrum,
757 1178 796 1250 δι
811 1177 972 1250 Clodium
984 1179 1162 1271 Albinum,
1173 1183 1211 1256 δι
1225 1185 1308 1256 Ανί-

344 1293 437 1363 dium
456 1287 624 1376 Cassium,
637 1288 673 1361 δι
692 1307 788 1359 antea
806 1287 947 1362 Lucium
965 1289 1167 1381 Vindicem,
1183 1297 1220 1368 δι
1240 1297 1306 1366 Lu·
1415 1311 1416 1320 ’

341 1401 433 1477 cium
455 1393 665 1484 Antonium,
685 1397 723 1470 &
743 1394 851 1492 ipsurn
869 1399 1049 1487 Severum,
1069 1425 1147 1474 cunr
1166 1403 1306 1475 Senatus

343 1507 412 1607 iarn
431 1504 595 1582 lulianum
621 1502 753 1576 dixisset
774 1504 985 1600 Principem,
1010 1508 1306 1602 Imperatores‘see

243 1675 247 1680 1
306 1685 308 1694 ,
343 1639 483 1696 cerant:
502 1636 601 1713 arque
624 1611 683 1686 ista
703 1639 755 1688 res
773 1616 859 1687 bella
879 1615 993 1688 civilia
1015 1616 1169 1708 severat,
1183 1621 1306 1716 quibus
1331 1633 1335 1640 '

343 1728 473 1804 necesse
487 1725 550 1800 suit
567 1722 728 1816 militem,
741 1742 860 1802 contra
872 1723 1000 1800 hostem
1014 1748 1165 1826 paratum
1172 1783 1187 1820 ,
1196 1731 1307 1828 parri-

344 1842 510 1920 cidialiter
532 1837 652 1935 perire.

294 2002 297 2008 .
401 1953 442 2024 11.
472 1949 541 2020 Hac
573 1943 673 2040 igitur
699 1942 792 2016 causa
819 1943 1006 2042 festinatum
1035 1945 1101 2034 ell,
1125 1964 1162 2017 ut
1186 1948 1307 2022 omnia

342 2059 437 2138 simul
464 2054 677 2143 Alexander,
700 2054 791 2152 quast
811 2079 910 2129 verus
932 2053 996 2153 jam
1018 2053 1226 2153 Imperator,
1248 2085 1307 2135 ac·
1415 2097 1416 2156 3

344 2171 480 2266 ciperet.
507 2164 740 2259 Hucaccessrt
763 2163 867 2238 nimia
895 2167 931 2240 bt
956 2167 1095 2240 Senatus
1125 2168 1164 2240 &
1190 2151 1305 2264 popu·

343 2279 369 2352 li
392 2263 569 2351 inclinatio
594 2271 668 2369 post
694 2272 784 2344 illam
812 2273 963 2362 cladem,
987 2300 1063 2372 quae
1094 2299 1165 2346 non
1193 2274 1304 2348 solum
1415 2315 1416 2342 t

343 2385 601 2462 Antoninorum
623 2407 749 2456 nomen
772 2383 1012 2474 decoloravit,
1037 2382 1205 2456 sedetiam
1231 2384 1305 2456 Ro·

268 2555 273 2568 .
342 2523 486 2574 manum.
515 2491 748 2566 dehonestavit
787 2492 974 2586 imperium.
1008 2493 1171 2566 Certatim
1204 2493 1303 2566 deni·

341 2632 411 2706 que
435 2604 707 2693 omniadecreta
730 2603 803 2674 sunt
828 2606 865 2676 &
892 2603 1067 2677 nominum
1096 2628 1238 2702 genera,
1266 2607 1304 2680 δι

341 2705 554 2818 poleflatum.
575 2715 704 2786 Primus
728 2713 874 2810 denique
895 2717 1048 2788 omnium
1077 2717 1195 2788 cunsla
1222 2715 1330 2788 inst·-

342 2828 420 2930 guia
448 2828 485 2900 δι
507 2821 777 2896 honorificentia
799 2850 918 2922 genera
948 2826 1045 2900 simul
1066 2828 1214 2922 recepit,
1237 2828 1303 2901 sus·

341 2941 493 3036 fragante
514 2935 643 3008 sibimet
668 2935 809 3008 Caesaris
830 2937 996 3024 nomine,
1020 2941 1115 3035 quod
1134 2939 1198 3031 jain
1225 2959 1303 3012 ante

287 3034 296 3049 ’
340 3048 475 3143 aliquot
493 3070 601 3118 annos
621 3064 808 3119 meruerat:
827 3049 862 3121 δι
878 3049 982 3146 magis
1005 3047 1207 3144 suffragante
1231 3048 1303 3122 vita

341 3156 567 3241 &umoribusg
583 3181 658 3227 curn
672 3156 721 3226 illi
733 3183 885 3255 magnum
905 3157 1109 3234 conciliasset
1122 3159 1300 3253 savorem,
1414 3237 1415 3254 χ

339 3265 436 3362 quod
455 3287 532 3334 eum
550 3262 786 3359 Heliogabalus
807 3265 961 3338 occidere
980 3287 1123 3340 conatus
1143 3270 1213 3350 esl,
1235 3293 1300 3342 nec
1414 3267 1415 3270 ’

340 3375 473 3473 potuit,
489 3376 526 3448 δι
539 3372 698 3445 militibus
716 3377 999 3472 repugnantibus,
1011 3381 1046 3450 &
1059 3380 1181 3450 Senatu
1197 3375 1301 3449 testa·

338 3505 449 3581 gante.
471 3486 581 3578 Atque
601 3482 675 3554 baec
694 3507 815 3575 parva,
832 3483 890 3554 nist
907 3487 1001 3580 quod
1020 3485 1157 3580 dignum
1182 3485 1214 3572 se
1236 3510 1300 3556 ex·

240 3598 242 3602 ’
299 3615 326 3675 κ
339 3593 463 3680 hibuit,
478 3577 729 3687 quem'Senatus
743 3591 906 3678 l‘ervaret,
916 3620 1015 3690 quern
1031 3595 1159 3666 salvum
1174 3595 1301 3667 milites

323 3713 524 3792 1cuperent,
540 3726 640 3796 quem
662 3703 815 3778 omnium
834 3704 1005 3780 bonorum
1027 3695 1188 3780 sententia
1202 3705 1303 3794 Prin3
1342 3783 1344 3790 ,

340 3811 451 3908 cipenr
472 3811 608 3888 diceret.
