2856 4824
332 371 416 452 294,
487 317 1204 426 AELIILAMPR1D11.'
1294 309 1303 334 ⁸

331 512 408 611 poll
438 511 519 588 duas
549 511 736 586 mansiones
765 537 855 612 equo
880 513 980 587 etiam
1005 511 1162 611 fatigatus
1189 512 1294 609 effet3

331 642 496 720 carpento
516 621 688 718 imposuit.
704 622 775 696 hoc
798 643 957 720 quoque,
977 621 1031 694 len
1058 621 1209 714 timore,
1236 625 1294 699 seu

331 753 413 802 vere
440 727 676 828 respuentem,
704 731 915 805 abdicantem
941 732 1025 831 quin
1052 733 1153 806 etiam
1183 734 1295 833 impe-

332 840 441 928 rium,
459 845 497 917 &
518 843 607 916 mori
633 863 809 938 paratum,
831 844 975 920 dimiit:
999 849 1294 922 commendatum·

330 976 399 1049 que
417 951 598 1041 militibus,
612 953 769 1050 a’quibus
785 954 974 1029 Alexander
987 956 1086 1031 unice
1100 957 1292 1052 amabatur,

331 1081 444 1136 tutum
469 1064 511 1136 ad
532 1063 630 1140 villas
652 1065 723 1140 suas
745 1065 795 1140 ire
820 1067 1000 1163 praecepit,
1023 1066 1206 1166 inquibus
1231 1069 1292 1144 diu

128 1189 131 1198 ·
272 1219 275 1228 ·
330 1171 433 1262 vixit.
455 1171 510 1245 sed
528 1172 603 1268 post
621 1173 705 1267 jullu
731 1176 944 1272 Imperatoris
964 1175 1096 1250 occisus
1109 1177 1157 1249 eu
1170 1233 1182 1267 ,
1196 1177 1292 1275 quod

224 1305 226 1312 ·
331 1271 390 1356 ille
402 1283 553 1358 militaris
570 1283 668 1376 effer,
684 1287 750 1362 &a
763 1285 924 1360 militibus
943 1285 1081 1360 amatus.
1092 1286 1199 1377 Scio,
1216 1287 1292 1360 vul·
1360 1371 1363 1378 Ι

332 1415 412 1490 gum
427 1394 514 1468 hanc
526 1419 595 1468 rem
604 1447 616 1486 ,
626 1421 728 1494 quam
742 1395 908 1472 contexui
914 1393 1072 1492 ,Traiani
1085 1413 1204 1494 putare
1213 1393 1292 1472 sled

332 1527 446 1601 neque
473 1502 603 1578 invita
624 1502 697 1598 ejus
716 1505 750 1577 id
772 1505 900 1578 Marius
922 1503 1091 1578 Maximus
1114 1504 1159 1576 ita
1181 1528 1292 1598 expo·

332 1609 415 1702 suit,
430 1633 539 1708 neque
551 1610 671 1685 Fabius
687 1611 921 1701 Marcellinus,
932 1635 1041 1710 neque
1055 1611 1208 1684 Aurelius
1220 1613 1291 1682 Ve-

333 1743 408 1806 rus,
426 1745 536 1819 neque
556 1719 677 1794 Statius
695 1722 840 1810 Valens,
855 1721 914 1819 qui
933 1743 1072 1793 omnem
1090 1719 1161 1814 ejus
1186 1719 1294 1795 vitam

332 1823 370 1899 in
391 1825 502 1898 literas
511 1826 689 1901 miserunt.
709 1829 840 1901 Contra
857 1844 967 1900 autem
990 1829 1027 1902 &
1044 1826 1241 1924 Septimius,
1255 1829 1295 1903 δι

329 1933 519 2021 Acholius,
537 1937 574 2008 dt
587 1935 785 2032 Encolpius,
802 1938 882 2009 vita
893 1935 1292 2032 scriptores,ccterique,

334 2043 376 2116 de
390 2045 459 2118 lroc
477 2045 555 2119 talia
575 2046 847 2144 praedicaverunt
862 2071 871 2119 :
884 2047 979 2143 quod
996 2047 1074 2120 ideo
1094 2044 1230 2131 addidi,
1248 2059 1306 2119 ne¹

261 2146 263 2154 '
334 2153 411 2252 quis
436 2155 530 2254 vulgi
554 2157 657 2256 magis
686 2155 806 2230 famam
835 2155 1046 2256 sequeretur,
1065 2181 1165 2255 quam
1184 2155 1293 2228 hillo·

334 2264 440 2352 riam,
460 2289 536 2360 qua
554 2288 690 2338 rumore
707 2266 824 2363 utique
845 2263 940 2362 vulgi
963 2265 1081 2339 verior
1094 2263 1270 2360 reperitur.

381 2357 508 2450 XLIX.
527 2375 686 2450 Honores
703 2372 785 2467 juris
798 2373 898 2472 gladii
913 2360 1084 2468 nunquam
1105 2373 1208 2446 vendi
1221 2372 1294 2470 pas·

187 2497 190 2504 '
273 2496 277 2507 '
332 2482 386 2558 fus
406 2481 761 2581 ell,dicens,Neceffe
777 2481 950 2587 esl,urqru'
966 2487 1202 2570 emir,vendar.
1218 2489 1292 2580 Ego

267 2596 272 2608 ’
332 2621 399 2666 noa
418 2597 530 2687 patiar
547 2617 724 2666 mercatores
735 2595 946 2696 potestatum:
964 2619 1040 2686 quos
1043 2591 1082 2691 st
1087 2598 1216 2686 patiar,
1231 2598 1294 2663 da·

334 2729 440 2774 ornare
457 2729 522 2774 non
537 2703 661 2800 poffim.
676 2705 830 2797 Erubefco
849 2707 931 2774 enim
946 2707 1059 2796 punire
1083 2707 1174 2773 illum
1192 2703 1293 2772 homi·

334 2837 426 2895 nem,
437 2812 491 2902 qui
510 2813 604 2894 emir,
619 2805 778 2883 (tamdia.
795 2805 1013 2880 Pontificatus
1027 2811 1064 2882 δι
1080 2806 1294 2905 quindecim·

334 2919 485 3005 viratus,
503 2921 755 3016 &auguratus,
775 2917 986 2990 codicillares
1005 2914 1103 3002 fecit,
1129 2915 1234 2988 itaut
1258 2913 1294 2986 in

335 3030 459 3102 Senatu
482 3027 713 3128 allegerentut.
728 3027 908 3126 Dexippus
925 3025 1033 3115 dixit,
1052 3047 1192 3098 uxorem
1216 3049 1294 3106 eum
1384 3032 1386 3038 ’

334 3136 505 3232 cujusdam
532 3138 689 3211 Martiani
710 3137 810 3214 filiam
837 3139 989 3229 duxille,
1010 3137 1225 3235 ,eundemque
1251 3136 1292 3208 ab

282 3302 287 3310 .
336 3269 380 3338 eo
401 3243 565 3318 Caesarem
584 3267 830 3342 nuncupatum.
849 3250 1070 3348 Verumcusn
1084 3244 1193 3320 *vellet
1213 3242 1291 3318 inli-¹

334 3355 399 3429 diis
419 3356 576 3440 occidere
602 3358 832 3433 Alexandrum
851 3357 1064 3446 Martianus,
1087 3355 1215 3429 derecta
1242 3353 1293 3450 fae
1401 3377 1403 3446 J

326 3467 449 3542 'ctione
458 3470 522 3556 ,δι
540 3467 646 3564 ipsum
659 3469 873 3542 interemtum
884 3472 947 3558 ,'&
961 3491 1104 3542 uxorem
1122 3465 1317 3558 abiellams
1402 3449 1403 3480 ¹

334 3578 425 3649 ldcm
448 3576 549 3670 dicit,
568 3576 662 3650 fuitl‘e
682 3596 835 3674 patruum
851 3569 1065 3650 Antoninum
1088 3575 1293 3672 Heliogaba·

335 3684 406 3758 lum
427 3685 629 3792 Alexandri,
649 3711 720 3759 non
741 3686 859 3760 uxoris
876 3685 1001 3760 sorotis
1015 3683 1160 3779 ejusdem
1174 3680 1293 3759 filium.

334 3793 426 3870 Cum
438 3794 618 3875 Christiani
638 3798 807 3896 quendam
822 3797 937 3873 locum
946 3847 959 3889 ‚
976 3795 1034 3894 qui
1048 3792 1204 3894 publicus
1220 3789 1294 3866 fuce
