2932 4824
421 303 489 378 208
585 297 1177 378 ·JUL11CAPITOL1N1

419 465 526 562 jano,
551 480 608 536 aut
629 461 716 552 Pio,
740 477 796 532 aut
818 463 938 532 Marco
964 457 1134 532 sciendum
1155 459 1220 550 stt,
1245 463 1380 560 quoties
1442 537 1444 542 ,

419 571 638 672 processerit,
664 569 801 665 quando
831 567 928 639 cibos
951 568 1158 655 variaverit,
1181 573 1219 643 bt
1240 577 1380 668 quando

419 681 547 754 vestem
571 677 782 764 mutaverit,
802 679 839 751 δι
868 701 955 774 quos
977 679 1113 772 quando
1138 685 1379 774 promoverit:
1441 721 1444 778 2

420 817 497 888 quae
512 790 567 862 isle
586 786 700 860 omnia
714 787 949 886 exsequendo,
964 786 1068 859 libros
1082 791 1310 886 mythistoriis
1331 821 1377 865 re·
1443 779 1444 788 ἵ

392 948 395 956 ,
419 899 525 997 plevit
546 896 624 970 talia
644 896 843 969 scribendo:
859 920 936 971 cutn
960 897 1106 968 omnino
1130 923 1240 970 rerum
1259 902 1375 973 vilium

420 1027 476 1080 aut
489 1007 579 1080 nulla
598 1004 771 1078 scribenda
792 1004 877 1093 fint,
899 1021 956 1076 aut
973 1004 1072 1076 nimis
1088 1032 1210 1102 pauca,
1227 1009 1251 1080 sr
1269 1034 1376 1082 tamen

420 1141 464 1188 ex
476 1117 528 1187 his
546 1137 657 1186 mores
668 1113 790 1210 poffint
804 1111 1047 1204 animadverti,
1066 1115 1125 1213 qni
1141 1141 1258 1188 revera
1274 1120 1375 1189 scien·

420 1225 455 1298 di
477 1223 575 1310 sunt;
597 1224 651 1296 sed
672 1248 715 1296 ex
737 1243 851 1321 parte,
866 1240 904 1296 ut
918 1247 960 1295 ex
977 1249 1015 1296 ea
1036 1249 1146 1298 cetera
1165 1226 1373 1322 colligantur.

468 1338 507 1408 ll.
527 1333 654 1408 Occiso
674 1357 756 1430 ergo
771 1333 949 1406 Antonino
963 1334 1134 1426 baffiano,
1152 1337 1288 1432 Opilius
1303 1343 1373 1412 Ma·

420 1445 556 1535 crinus,
569 1443 744 1517 Praefesius
759 1443 923 1539 praetorio
938 1444 1029 1538 ejus,
1046 1446 1106 1544 qui
1121 1467 1216 1520 antea
1235 1447 1374 1543 privatas

421 1572 574 1640 curarat,
594 1550 770 1646 imperium
792 1552 950 1647 arripuit,
971 1555 1091 1626 humili
1115 1575 1211 1627 natus
1226 1557 1374 1646 loco,&
1443 1559 1444 1638 i

420 1664 524 1760 animi
545 1682 643 1758 atque
656 1659 727 1733 otis
748 1660 985 1736 inverecundi:
1001 1664 1097 1762 seque
1111 1691 1201 1739 nunc
1213 1671 1353 1740 Severum
1364 1675 1379 1754 ,¹

420 1797 514 1844 nunc
536 1775 763 1859 Antoninum,
784 1795 862 1842 cunr
890 1771 925 1842 in
948 1772 1033 1848 odio
1055 1775 1134 1847 esset
1157 1777 1310 1849 omnium
1341 1779 1376 1849 &

418 1881 623 1968 hominum,
644 1881 682 1951 δι
699 1879 864 1967 militum,
887 1885 1106 1979 nuncupavit,
1132 1887 1317 1984 Statimque
1338 1887 1377 1959 ad

418 1989 545 2064 bellum
559 1988 749 2061 Parthicum
766 1986 958 2082 profetius,
975 1995 1011 2065 bt
1028 1990 1197 2086 judicandi
1214 1995 1256 2066 de
1270 1993 1303 2066 se
1315 1993 1377 2066 mi·

418 2097 534 2170 litibus
549 2149 561 2186 ,
577 2097 615 2170 &
633 2093 846 2185 rumoribus,
864 2096 985 2192 quibus
1005 2100 1238 2193 premebatur,
1264 2101 1378 2172 adole·

419 2208 534 2284 scendi
558 2205 755 2305 potestatem
783 2209 927 2280 demsrtt
961 2211 1116 2306 quamvis
1144 2213 1284 2284 Senatus
1305 2237 1378 2283 eum

420 2325 661 2415 Imperatorem
685 2315 768 2389 odio
790 2316 958 2390 Antonini
978 2319 1119 2392 Raffiani
1134 2321 1274 2394 libenter
1289 2348 1380 2396 acce·

357 2427 359 2432 ’
419 2427 527 2528 perit,
548 2451 624 2499 curn
638 2425 674 2496 in
686 2427 809 2498 Senatu
821 2425 979 2499 omnibus
993 2454 1058 2500 una
1076 2453 1147 2504 vox
1161 2429 1259 2518 esset,
1278 2461 1380 2526 qnem-

420 2545 473 2618 νίς
494 2545 596 2636 magis
614 2569 707 2635 qnam
716 2546 930 2634 parricidam,
945 2549 1082 2634 quemvis
1102 2551 1200 2642 magis
1218 2572 1317 2638 qnam
1332 2553 1379 2617 in·
1442 2565 1443 2626 1

421 2651 553 2749 castum,
572 2653 710 2740 quemvis
731 2655 833 2744 magis
850 2677 942 2742 quam
963 2652 1137 2743 impurum,
1158 2659 1300 2745 quemvis
1313 2683 1379 2724 ma·
1441 2663 1443 2732 ζ

417 2763 469 2854 gis
490 2783 582 2850 quam
600 2757 816 2846 interfefsorem
839 2757 871 2830 (r
895 2766 1031 2831 Senarus
1052 2757 1226 2854 &populi
1252 2765 1294 2833 Et
1319 2762 1379 2833 nti·

419 2889 497 2935 rum
517 2861 676 2935 omnibus
696 2863 831 2935 sortasse
845 2867 1029 2957 videatur,
1050 2893 1109 2942 cur
1122 2871 1376 2957 Diadumenus,

305 2997 310 3008 ¹
420 2971 513 3044 filius
528 2971 692 3057 Macrini,
711 2977 902 3046 Antoninus
916 2978 1065 3048 voluerit
1085 2980 1290 3076 nuncupari,
1305 3001 1378 3053 cum

419 3085 538 3156 ausior
560 3085 650 3157 necis
672 3085 910 3157 Antoniniana
929 3086 1024 3160 fuisse
1042 3089 1183 3164 dicatur.
1442 3147 1443 3192 ,

471 3196 526 3264 111.
546 3193 601 3264 De
623 3190 696 3286 ipso
717 3219 792 3288 quae
811 3192 844 3264 in
863 3197 998 3278 annales
1021 3197 1121 3270 relata
1143 3197 1241 3285 sunt,
1264 3198 1353 3292 pros
1366 3233 1379 3253 ·
1442 3203 1443 3262 t

417 3325 505 3374 ram.
525 3303 626 3373 Vates
645 3302 789 3376 coelestis
810 3304 899 3398 apud
921 3305 1181 3404 Carthaginem,
1200 3331 1277 3400 quae
1303 3309 1380 3379 Deo

351 3449 352 3452 ¹
420 3411 550 3508 repleta
578 3411 662 3496 solet
695 3437 776 3482 vera
810 3437 960 3501 canere,
991 3415 1049 3486 sub
1078 3416 1259 3488 Antonino
1291 3417 1380 3503 Pio,

399 3535 527 3609 cum,
546 3519 731 3593 sciscitante
752 3522 957 3594 Proconsule
980 3525 1021 3594 de
1045 3524 1151 3614 statu,
1168 3544 1204 3594 ut
1229 3524 1381 3608 solebat,

420 3631 587 3728 publico,
613 3633 715 3706 &de
744 3631 803 3702 suo
834 3632 1000 3730 imperio,
1029 3634 1140 3710 fututa
1163 3638 1382 3731 praediceret,

332 3743 337 3750 '
421 3738 540 3812 ubi-ad
557 3738 729 3836 Principes
748 3733 890 3818 ventum
913 3743 981 3834 est,
999 3743 1087 3820 clara
1103 3769 1192 3821 voce
1215 3742 1383 3820 numerari
1441 3787 1442 3796 κ
