2782 4814
354 293 394 368 18
506 271 1159 411 AEratrsrnurt'nur

346 451 432 526 scire
450 451 509 526 fibi
530 451 623 526 visus
642 453 711 541 est,
727 471 765 526 ut
779 454 852 532 sero
872 455 1036 528 Kalendis
1049 455 1210 558 ianuariis
1224 454 1302 528 seria

346 562 472 661 psetit,
490 563 585 660 quod
602 562 729 646 eitoto
756 589 847 637 anno
868 565 975 659 pollet
995 564 1153 638 evenire:
1175 556 1241 655 ita,
1260 583 1303 638 lut

346 699 391 746 eo
411 696 524 760 anno,
542 697 614 769 quo
637 672 758 767 periit,
776 675 881 771 usque
900 675 942 746 ad
963 674 1054 748 illam
1076 675 1219 762 horam,
1239 680 1304 771 qua

347 781 394 856 eu
408 803 560 854 mortuus
571 833 582 868 ,
593 780 760 875 scripserit
770 835 780 870 ,
791 781 872 877 quid
884 783 1015 856 aeturus
1025 784 1112 858 elles.
1120 785 1183 858 Sed
1194 809 1304 880 quam·

348 891 404 964 vis
417 891 494 964 esset
509 889 544 960 in
559 888 842 984 reprehendendis
860 889 1015 978 musteis,
1030 893 1182 988 tragicis,
1197 893 1303 968 comi·

348 1000 417 1086 cis,
433 997 677 1094 grammaticis,
692 998 905 1086 rhetoribus,
918 998 1045 1084 sacilis3
1060 1019 1170 1072 tamen
1185 1023 1305 1074 omnes

328 1106 606 1206 professores&
622 1107 828 1198 honoravit,
839 1108 878 1181 δι
897 1105 1021 1182 divites
1033 1107 1134 1197 fecit,
1145 1110 1223 1184 licet
1244 1131 1304 1182 eos

346 1213 588 1312 quaestionibus
602 1215 729 1310 semper
741 1213 892 1312 agitavit.
904 1216 946 1286 Et
960 1241 1037 1290 cum
1048 1215 1117 1312 ipse
1128 1219 1244 1302 nudor
1256 1216 1307 1290 es·

290 1319 292 1334 '
344 1325 414 1410 set,
435 1342 472 1394 ut
493 1323 589 1394 multi
613 1323 655 1394 ab
677 1347 721 1394 eo
742 1323 850 1396 tristes
870 1325 1084 1410 recederenr3
1101 1324 1256 1413 dicebat,
1269 1327 1306 1418 se

250 1496 254 1500 .
343 1437 478 1530 graviter
480 1433 583 1523 ferre,
598 1433 632 1530 fi
646 1460 733 1527 quem
747 1434 858 1532 tristem
876 1437 997 1506 viderer.
1011 1435 1048 1504 ln
1067 1432 1194 1504 summa
1206 1431 1305 1504 sami·

343 1545 486 1616 liaritate
500 1540 686 1634 Epitrerum
709 1539 991 1614 &Heliodorum
1015 1539 1254 1634 philosophos,
1266 1543 1305 1614 sic

345 1651 416 1751 (ne
437 1648 638 1722 nominatim
659 1648 701 1722 de
721 1648 879 1722 omnibus
899 1647 1034 1746 dicam)
1053 1648 1306 1748 grammaticos,

344 1761 521 1844 rhetores,
537 1755 703 1846 musicos,
717 1743 926 1854 geometras,
940 1754 1104 1852 pisiores,
1116 1755 1307 1853 astrologos

343 1868 479 1951 habuit;
503 1891 572 1962 prre
593 1861 714 1963 qqteris¹
735 1864 799 1963 (ut
821 1863 920 1936 multi
941 1861 1110 1961 asserunt)
1134 1865 1307 1937 eminente

341 1976 528 2049 Favorino.
548 1975 738 2064 Dodotes,
753 1973 813 2068 qui
837 1973 1034 2070 professioni
1057 1974 1121 2046 suae
1141 1973 1306 2048 inhabiles

342 2085 573 2171 videbantur,
605 2083 731 2156 ditatos
758 2082 1018 2182 honoratosque
1047 2109 1067 2157 a
1096 2083 1305 2182 proseffione
1385 2143 1386 2146 ,

342 2195 479 2270 dimisit.
994 2283 996 2290 y
1060 2197 1062 2204 ’
1140 2267 1144 2274 .
1277 2263 1302 2278 ,,

253 2375 255 2381 .
390 2307 502 2380 xvrt.
517 2306 618 2398 Quos
633 2302 668 2376 in
685 2301 820 2400 privata
833 2300 905 2376 vita
922 2301 1080 2377 inimicos
1092 2301 1229 2384 habuit,
1241 2300 1305 2374 im·
1385 2337 1386 2352 2

248 2423 249 2428 ’
341 2433 479 2516 potator
496 2432 628 2488 tantum
653 2411 820 2512 neglexit,
835 2411 881 2484 ita
900 2429 938 2484 ut
961 2411 1040 2502 uni,
1057 2437 1157 2510 quem
1177 2409 1305 2506 capita·

340 2527 408 2599 lem
422 2524 601 2612 habuerat,
612 2521 910 2619 sadusimperator
922 2521 1220 2622 diceret,Evafisli.
1240 2518 1306 2607 Iis,

327 2656 427 2730 ¹quos
448 2632 490 2705 ad
509 2631 661 2703 militiam
680 2631 750 2725 ipse
769 2656 829 2726 per
847 2631 1055 2718 sevocavit,
1081 2654 1212 2728 equos,
1228 2655 1304 2703 mu·

339 2741 414 2824 los,
430 2739 554 2828 velles,
568 2739 712 2825 sumtus,
727 2741 764 2812 δι
778 2763 914 2810 omnem
932 2760 1089 2812 ornatum
1105 2739 1232 2836 semper
1246 2762 1316 2834 exq

338 2848 459 2922 hibuit.
477 2847 690 2921 Saturnalitia
712 2850 749 2921 dt
769 2847 949 2944 sigillaritia
970 2847 1161 2948 frequenter
1188 2849 1304 2926 amicis
1384 2847 1385 2852 ἵ

341 2957 600 3050 inopinantibus
613 2956 719 3044 misit,
733 2959 771 3030 δι
785 2957 853 3053 ipse
866 2956 908 3029 ab
928 2959 979 3030 his
995 2958 1137 3032 libenter
1154 2960 1303 3058 accepit,

339 3066 457 3140 &alia
477 3067 628 3140 invicem
650 3067 753 3160 dedit.
774 3069 826 3141 nd
842 3067 1135 3163 deprehendendas
1153 3069 1302 3142 obsona·
1384 3079 1385 3082 ’

338 3169 455 3247 torum
475 3174 625 3259 fraudes,
641 3201 717 3249 cum
736 3175 890 3273 plurimis
908 3176 1114 3249 sumentibus
1133 3176 1303 3272 pasceret,
1384 3167 1385 3214 ἶ

338 3284 465 3356 sercula
480 3285 521 3356 de
534 3285 607 3356 aliis
623 3286 742 3358 mensis
757 3287 855 3360 etiam
874 3285 999 3360 ultimis
1013 3286 1201 3384 quibusque
1215 3285 1304 3381 jussit
1384 3287 1385 3292 ’

340 3391 480 3490 apponi.
495 3393 625 3466 Omnes
642 3417 737 3492 reges
752 3394 946 3466 muneribus
960 3395 1025 3466 suis
1043 3395 1137 3468 vicit.
1151 3394 1306 3484 Publice,

340 3501 376 3574 δι
387 3498 594 3595 frequenter,
608 3502 645 3574 δι
662 3526 740 3574 cum
755 3502 916 3585 omnibus
927 3503 1007 3576 lavit
1019 3530 1028 3576 ι
1038 3529 1079 3574 ex
1095 3527 1165 3598 quo
1178 3502 1234 3573 ille
1250 3499 1306 3593 jo·

339 3633 399 3680 cus
414 3609 578 3682 balnearis
595 3611 758 3682 innotuit.
780 3637 855 3682 nam
877 3637 954 3682 cum
978 3613 1126 3705 quodam
1149 3631 1304 3704 tempere
1383 3683 1384 3710 ,

339 3738 535 3794 veteranum
554 3721 721 3820 quendam
745 3738 866 3799 notum
880 3719 992 3797 srbiin
1012 3719 1151 3814 militia,
1165 3717 1304 3802 dorsum
1383 3757 1384 3816 5
