2932 4824
297 349 409 449 2159
491 335 1152 439 ‘nurrsrrnrrnur
1316 298 1320 302 ’

336 497 435 598 Nigri
458 498 601 594 partium
620 496 772 586 fuerant,
787 515 1046 595 praeminum,
1065 492 1232 593 supplicio
1246 491 1300 596 as·

297 629 300 636 ’
336 605 428 679 fecit.
445 604 728 678 Antiochensibus
748 603 868 676 iratior
881 602 968 696 suit,
981 604 1078 702 quod
1096 605 1134 678 δι
1155 601 1299 690 admini-
1319 639 1323 650 ·
1442 597 1443 640 ³

334 711 492 786 ssrantem
517 711 551 786 se
572 711 608 786 in
629 713 773 786 Oriente
789 711 951 800 riserant,
967 713 1006 790 &
1030 711 1173 810 Nigrum
1196 709 1299 782 etiam

207 893 209 897 .
335 823 430 896 viiiu
450 822 617 920 juverant.
641 825 788 922 denique
809 825 914 914 multa
934 823 987 898 his
997 824 1140 897 ademit.
1159 815 1300 919 Neapo-

199 965 202 972 ’
335 931 448 1016 liranis
462 935 562 1008 etiam
575 931 1299 1030 Palaestinensibusjuscivitatistulit,quod

236 1089 244 1110 ·
334 1069 401 1142 pto
422 1046 531 1146 Nigro
552 1047 609 1122 diu
622 1048 658 1122 in
672 1049 773 1122 armis
791 1047 933 1123 fuerant.
950 1052 987 1122 ln
1006 1048 1134 1123 multos
1147 1045 1300 1122 animari-r

335 1157 464 1247 vertit,
483 1177 603 1253 praeter
624 1161 779 1234 ordinem
809 1160 1046 1250 Senatorium,
1066 1160 1126 1257 qui
1152 1158 1299 1256 Nigrum

334 1265 469 1352 fuerant
487 1270 600 1344 secuti.
617 1272 742 1344 Multas
760 1268 860 1344 etiam
880 1269 1036 1345 civitates
1050 1267 1196 1361 ejusdem
1220 1289 1300 1362 par·
1442 1313 1443 1318 κ

336 1378 380 1452 tis
400 1377 530 1474 injuriis
552 1380 664 1457 affecit
685 1369 886 1460 &'damnis.
905 1384 975 1454 Eos
997 1381 1176 1454 Senatores
1202 1373 1300 1449 oeci·
1442 1429 1443 1436 κ

336 1487 409 1578 dit,
428 1489 488 1586 qui
502 1489 715 1587 cumNigro
734 1486 962 1566 militaverant
975 1490 1098 1561 ducum
1118 1483 1175 1558 vel
1195 1482 1301 1556 tribu·

336 1623 461 1680 norum
482 1599 632 1674 nornine.
655 1600 775 1672 deinde
796 1600 886 1673 circa
906 1596 1064 1672 Arabiam
1078 1595 1173 1692 plura
1188 1591 1301 1692 geffitr

259 1743 284 1787 ‘s
337 1708 468 1782 Parthis
489 1707 588 1782 etiam
612 1708 647 1780 in
665 1707 831 1782 ditionem
847 1707 1006 1797 redactis,
1024 1720 1088 1780 tt'ec
1108 1728 1179 1776 non
1199 1701 1301 1775 etiam
1388 1719 1389 1726 ’

285 1856 290 1864 ·
337 1817 546 1906 Adiabeni„
565 1819 624 1915 qui
645 1818 783 1915 quidem
798 1842 917 1920 omnes
930 1837 1015 1891 cum·
1027 1812 1212 1890 Pescennio
1228 1812 1302 1886 sen·
1442 1891 1443 1896 ,

337 1920 457 1999 serant.
480 1929 592 2024 Atque
612 1928 659 1999 ob
681 1926 749 2000 hoc
771 1919 944 2014 reversus,
964 1925 1140 2021 triumpho
1159 1919 1302 2008 delato,
1384 1929 1387 1935 '
1442 1995 1443 2000 ,

337 2035 523 2134 appellatus
536 2036 582 2111 est
596 2042 775 2126 Arabicus,
789 2034 1031 2125 Adiabenicus,
1046 2036 1225 2108 Parthicus.
1237 2028 1303 2102 Sed

337 2145 549 2244 triumphum
571 2146 719 2243 respuit,
743 2171 785 2219 ne
804 2147 977 2220 videretur
998 2146 1040 2218 de
1065 2144 1162 2219 civiti
1181 2141 1302 2215 trium·

337 2259 444 2352 phare
466 2258 619 2332 viatoria.
636 2256 805 2334 recusavit
824 2259 861 2332 δι
876 2255 1068 2332 Parthicum
1081 2277 1219 2329 nomen
1233 2305 1245 2342 ,
1260 2275 1303 2326 ne

336 2367 480 2441 Parthos
504 2368 686 2443 lacesseret.

253 2472 261 2498 “
386 2481 433 2554 Χ.
453 2476 623 2554 Redeunti
636 2479 868 2553 sane-Romam
886 2477 961 2576 post
976 2477 1100 2552 bellum
1120 2475 1225 2550 civile
1238 2474 1302 2548 Ni·

336 2587 408 2686 gri,
430 2588 520 2662 aliud
541 2589 665 2666 bellum
692 2587 798 2661 civile
828 2586 1085 2662 Clodii'Albini
1112 2586 1303 2659 nuntiatum

336 2694 405 2784 esi,
416 2695 477 2791 qui
488 2695 664 2768 rebellavit
674 2696 709 2766 in
723 2695 847 2769 Gallia.
863 2721 966 2794 quare
977 2696 1092 2794 postea
1109 2693 1212 2768 occist
1228 2692 1318 2764 sunt'

337 2803 399 2876 filii
415 2805 515 2902 Nigri
533 2830 610 2878 cum
627 2825 743 2878 matre.
764 2805 926 2892 Albinum
940 2804 1160 2904 igiturstatim
1174 2803 1305 2876 hostem
1442 2793 1443 2824 ¹

337 2913 526 3012 judicavit,
544 2917 581 2988 &
596 2937 676 2999 eor,
694 2915 753 3012 qui
766 2917 807 2987 ad
822 2916 916 2988 illum
936 2915 1074 2989 mollius
1088 2914 1145 2988 rel
1168 2911 1306 3007 scripse·

338 3043 439 3115 runt,
458 3024 515 3096 vel
539 3023 789 3120 rescripserunt.
814 3029 951 3100 Etcum
974 3024 1038 3098 iret
1058 3040 1179 3098 contra
1205 3020 1308 3094 Albi·

339 3161 440 3222 num,
454 3131 490 3204 in
505 3131 624 3206 itinere
637 3135 727 3231 apud
738 3134 959 3211 Viminatium
973 3185 983 3220 ‚
997 3131 1217 3207 filium'suum
1231 3148 1306 3206 mai

207 3341 209 3344 Ι
248 3235 260 3260 ’
338 3241 449 3339 joram
467 3245 673 3340 Bufflanurn,
693 3245 850 3341 apposito
868 3249 995 3336 Aurelii
1007 3242 1171 3318 Antonini
1192 3237 1305 3314 nomi-I

232 3444 239 3462 Ι
339 3345 405 3442 ne„
425 3357 570 3448 Cusanum
585 3354 790 3451 appellavit,
805 3372 841 3426 ut
858 3353 993 3424 fratrem
1011 3353 1104 3423 suum
1119 3353 1241 3425 Getam
1262 3350 1304 3422 ab

171 3470 179 3496 Χ
293 3465 296 3470 “
339 3466 398 3562 spe
417 3465 686 3566 imperii‚quam
706 3465 762 3536 ille
776 3464 1247 3560 conceperat‚,subrrtoveret.
1262 3465 1304 3536 Et
1442 3507 1443 3546 ς

339 3601 467 3650 nomen
480 3577 615 3674 quidem
628 3576 789 3648 Antonini
799 3572 929 3646 idcirco
945 3571 1017 3650 filio
1032 3572 1200 3670 apposuit,
1208 3571 1305 3668 quod
1442 3619 1443 3622 =

339 3673 594 3786 som'niaverat5
616 3686 831 3787 Antoninum
862 3683 1174 3758 fibi'successurum.
1203 3683 1304 3756 Unde
1442 3687 1443 3728 i

337 3795 461 3870 Getam
479 3795 580 3872 etiam
595 3795 733 3895 quidam
751 3799 958 3870 Antoninum
973 3813 1095 3893 putant
1110 3791 1232 3872 dietum
1241 3844 1258 3888 „
1267 3807 1305 3866 ut
1442 3817 1443 3890 t
