2856 4824
324 290 397 388 296
486 227 1139 368 AELIlLAMPRIDll

210 476 213 484 ·
322 447 489 528 inusitate
508 443 694 536 mensurae,
714 443 816 518 vendi
835 467 895 520 eos
915 441 1021 538 jullitt
1036 442 1098 541 qui
1115 433 1196 522 curn
1212 421 1288 550 ριεέ

324 561 408 640 tium
431 583 503 634 non
530 556 746 644 invenirent,
772 579 813 628 ne
833 553 1025 648 exemplum
1046 554 1170 632 malum
1194 580 1214 628 a
1235 582 1284 630 re.

323 669 401 770 gina
416 667 622 755 nasceretur,
638 666 662 738 sr
680 689 725 742 eo
742 682 910 748 uteretur,
921 662 1016 759 quod
1031 662 1098 738 emi
1113 688 1187 736 non
1208 665 1287 761 pol·

326 780 392 868 let,
412 777 585 852 inauribus
609 772 750 849 Veneris
771 797 831 847 ens
854 771 993 848 dicauit.
1013 772 1201 870 Ulpianum
1222 799 1287 871 pro

326 905 440 961 tutore
463 885 600 974 habuit,
621 884 765 981 primum
789 869 996 980 repugnante
1018 901 1145 971 matre,
1168 884 1287 958 deinde

180 1027 185 1032 ·
324 996 447 1094 gratias
468 1013 610 1094 agente,
634 1021 737 1094 quern
760 993 845 1090 sape
868 1019 888 1067 a
913 993 1059 1068 militum
1082 993 1132 1068 ira
1153 993 1287 1090 objenu

328 1128 487 1202 purpurae
504 1103 639 1178 snmnrae
660 1101 829 1178 defendit:
844 1122 945 1197 atque
964 1103 1043 1177 ideo
1063 1101 1212 1182 summus
1224 1107 1288 1177 lm·

327 1233 466 1308 perator
483 1210 566 1302 fuit,
586 1213 682 1310 quod
700 1210 772 1306 ejus
793 1211 942 1286 confiliis
965 1212 1132 1308 praecipue
1154 1239 1289 1309 rempu-

328 1319 450 1394 blicam
474 1319 572 1394 rexit.
589 1323 627 1394 ln
636 1319 823 1415 ‚procinclu
839 1314 939 1420 atrine
960 1320 995 1393 in
1017 1316 1289 1416 'expeditionibus

330 1429 452 1525 apertis
480 1427 707 1526 papilionibus
732 1426 867 1524 prandit
891 1449 992 1526 atque
1018 1429 1195 1524 coenavit,
1214 1455 1290 1502 cum

262 1525 267 1541 ’
332 1540 511 1620 militarem
526 1539 639 1614 ciburn
650 1539 806 1627 ,cundlis
822 1538 1016 1616 videntibus
1029 1559 1130 1638 atque
1148 1540 1291 1638 gauden-

333 1649 447 1740 tibus,
465 1650 626 1736 sumeret;
643 1648 835 1724 circumiret
859 1669 966 1745 prope
988 1667 1060 1723 tora
1081 1650 1253 1737 tentoria,
1273 1673 1291 1724 a

333 1757 434 1856 signis
452 1755 558 1830 abette
575 1757 747 1846 neminem
769 1774 951 1853 pateretur.
964 1754 999 1834 si
1017 1756 1093 1854 quis
1112 1758 1153 1831 de
1174 1759 1236 1833 'via
1256 1759 1291 1832 in

333 1865 474 1960 alicujus
494 1863 728 1958 polleffionem
749 1865 952 1956 deflexillet,
971 1889 1036 1962 pro
1058 1865 1216 1962 qualitate
1239 1867 1294 1938 lo·
1396 1865 1397 1920 l

334 1977 387 2062 ci,
401 1992 459 2048 aut
476 1973 615 2048 fustibus
632 1973 867 2068 subjiciebatur
885 1976 921 2050 in
935 1975 1114 2072 conspeetu
1126 1971 1220 2068 eius,
1235 1993 1293 2048 aut

335 2081 462 2182 virgis,
473 2103 529 2158 ant
541 2083 839 2174 condemnationi;
850 2086 960 2176 aut,sr
975 2086 1048 2160 hac
1060 2083 1295 2158 omnia-nant·

334 2193 400 2268 iret
414 2192 556 2294 dignitas
566 2193 740 2294 bominis,
753 2182 948 2296 graviffimis
964 2193 1200 2272 contumeliis:
1217 2219 1293 2278 cum
1397 2219 1398 2226 ³

335 2297 482 2394 diceret,
498 2305 583 2398 aisne
604 2307 660 2379 lroc
686 2309 894 2402 integretate
907 2309 1002 2399 fieri,
1020 2309 1104 2400 qued
1129 2305 1219 2376 alteri
1232 2301 1295 2395 fit·
1398 2382 1399 2410 ,

335 2415 408 2490 cis?
427 2410 667 2506 Clamabatque
688 2410 824 2509 sapius,
838 2415 969 2510 quoda
992 2408 1187 2511 quibusdam
1199 2445 1212 2500 ,·
1224 2411 1294 2485 srve

335 2519 475 2609 ludaeis,
491 2519 560 2596 live
570 2519 766 2596 Christianis
783 2522 951 2611 audierat,
967 2523 1005 2598 dt
1023 2520 1175 2606 tenebat;
1196 2519 1296 2614 idque

144 2715 149 2728 ,
195 2673 196 2678 ’
337 2654 397 2726 per
417 2653 631 2726 praeconem,
652 2643 729 2703 cum
748 2628 894 2730 aliquem
915 2629 1128 2716 emendaret,
1153 2625 1221 2700 dici
1241 2625 1296 2722 ju.

337 2739 459 2829 bebat,
474 2742 574 2834 Quod
587 2742 646 2812 tibi
652 2742 726 2830 fieri
744 2770 810 2814 non
823 2746 892 2829 vis,
904 2745 992 2813 adteri
1005 2739 1159 2828 nrfictris
1169 2764 1184 2816 .·,
1195 2762 1295 2834 quam

338 2849 535 2926 sententiam
556 2848 661 2946 usque
681 2851 767 2924 aden
787 2848 926 2936 dilexit,
947 2867 983 2921 ut
1003 2851 1044 2922 dc
1060 2847 1096 2925 in
1109 2846 1241 2932 Palatio
1261 2849 1299 2924 dt

181 2960 204 2982 “
338 2953 702 3060 inpublicisoperibus
713 2955 1038 3053 praescribijuberet.

387 3065 455 3138 Lll.
476 3065 566 3143 Idem
580 3089 659 3139 cunr
674 3067 838 3163 quandam
852 3066 1017 3145 aniculam
1037 3065 1187 3144 affectam
1206 3061 1299 3157 injus

339 3173 399 3246 riis
421 3199 440 3246 a
466 3173 573 3252 milite
597 3175 754 3266 audiffet,
775 3164 1032 3252 eiaullotatum'
1055 3202 1134 3250 eum
1158 3173 1298 3261 militia,

342 3281 474 3360 servum
493 3281 524 3358 ei
544 3283 657 3390 dedit,
679 3287 774 3382 quod
797 3284 918 3360 artifex
944 3287 1173 3382 carpentarius
1199 3283 1298 3373 effer,

341 3409 378 3470 ut
400 3418 473 3472 eam
493 3392 659 3490 pasceret:
681 3398 719 3469 δι
738 3421 813 3468 curn
839 3395 994 3468 dolerent
1014 3395 1081 3472 hoc
1100 3393 1223 3472 milites
1247 3390 1300 3464 fa*

341 3503 454 3604 llum,
474 3502 632 3598 persuasit
660 3502 842 3596 omnibus,
864 3520 900 3575 ut
922 3501 1071 3578 modeste
1091 3501 1238 3589 ferrent,
1263 3502 1302 3580 δι

342 3634 402 3686 eos
429 3611 554 3690 terruit.
575 3613 764 3700 Ἀναίματον
791 3610 969 3709 imperium
990 3609 1082 3706 ejus,
1101 3635 1179 3685 cum
1199 3608 1300 3684 fuerit

341 3723 443 3806 durus
466 3725 503 3805 dt
526 3725 681 3820 terricus,
706 3724 835 3806 idcirco
859 3743 1021 3804 vocaturn
1044 3723 1109 3820 ett,
1126 3722 1222 3829 quod
1239 3722 1300 3799 Sc·¹
