<?xml version="1.0" encoding="UTF-8"?>
<!DOCTYPE html PUBLIC "-//W3C//DTD XHTML 1.0 Transitional//EN"
    "http://www.w3.org/TR/xhtml1/DTD/xhtml1-transitional.dtd">
<html xmlns="http://www.w3.org/1999/xhtml" xml:lang="en" lang="en">
 <head>
  <title>
</title>
<meta http-equiv="Content-Type" content="text/html;charset=utf-8" />
  <meta name='ocr-system' content='tesseract 3.04.00' />
  <meta name='ocr-capabilities' content='ocr_page ocr_carea ocr_par ocr_line ocrx_word'/>
</head>
<body>
  <div class='ocr_page' id='page_1' title='image "./historiaugustsc00bipogoog_0020.png"; bbox 0 0 2782 4814; ppageno 0'>
   <div class='ocr_carea' id='block_1_1' title="bbox 338 289 1295 555">
    <p class='ocr_par' dir='ltr' id='par_1_1' title="bbox 338 289 1295 555">
     <span class='ocr_line' id='line_1_1' title="bbox 339 289 1126 372; baseline -0.005 0"><span class='ocrx_word' id='word_1_1' title='bbox 339 317 412 372; x_wconf 82' lang='lat' dir='ltr'><em>xlv</em></span> <span class='ocrx_word' id='word_1_2' title='bbox 515 297 640 371; x_wconf 84' lang='lat' dir='ltr'><em>HIST.</em></span> <span class='ocrx_word' id='word_1_3' title='bbox 668 289 1126 368; x_wconf 77' lang='lat' dir='ltr'><em>AUG.SCR1PTORUM</em></span> 
     </span>
     <span class='ocr_line' id='line_1_2' title="bbox 338 456 1295 555; baseline -0.006 -21"><span class='ocrx_word' id='word_1_4' title='bbox 338 466 386 534; x_wconf 86' lang='lat' dir='ltr'><em>rei.</em></span> <span class='ocrx_word' id='word_1_5' title='bbox 406 461 523 530; x_wconf 77' lang='lat' dir='ltr'><em>adlice</em></span> <span class='ocrx_word' id='word_1_6' title='bbox 544 462 663 545; x_wconf 85' lang='lat' dir='ltr'><em>Probi,</em></span> <span class='ocrx_word' id='word_1_7' title='bbox 678 483 769 550; x_wconf 85' lang='lat' dir='ltr'><em>quam</em></span> <span class='ocrx_word' id='word_1_8' title='bbox 790 461 836 527; x_wconf 83' lang='lat' dir='ltr'><em>ed</em></span> <span class='ocrx_word' id='word_1_9' title='bbox 849 456 964 546; x_wconf 79' lang='lat' dir='ltr'><em>Celsum</em></span> <span class='ocrx_word' id='word_1_10' title='bbox 975 457 1110 555; x_wconf 77' lang='lat' dir='ltr'><em>scripsit.</em></span> <span class='ocrx_word' id='word_1_11' title='bbox 1123 462 1199 530; x_wconf 84' lang='lat' dir='ltr'><em>leem</em></span> <span class='ocrx_word' id='word_1_12' title='bbox 1213 467 1295 552; x_wconf 60' lang='lat' dir='ltr'><em>quera</em></span> 
     </span>
    </p>
   </div>
   <div class='ocr_carea' id='block_1_2' title="bbox 260 562 1379 779">
    <p class='ocr_par' dir='ltr' id='par_1_2' title="bbox 260 562 1379 779">
     <span class='ocr_line' id='line_1_3' title="bbox 260 562 1295 668; baseline -0.01 -21"><span class='ocrx_word' id='word_1_13' title='bbox 260 646 262 653; x_wconf 78' lang='grc'>,</span> <span class='ocrx_word' id='word_1_14' title='bbox 338 575 459 668; x_wconf 78' lang='lat' dir='ltr'><em>drigam</em></span> <span class='ocrx_word' id='word_1_15' title='bbox 486 594 720 662; x_wconf 55' lang='lat' dir='ltr'><em>proauorum,</em></span> <span class='ocrx_word' id='word_1_16' title='bbox 739 569 859 655; x_wconf 73' lang='lat' dir='ltr'><em>Firmi,</em></span> <span class='ocrx_word' id='word_1_17' title='bbox 877 572 1069 650; x_wconf 84' lang='lat' dir='ltr'><em>Saturnini,</em></span> <span class='ocrx_word' id='word_1_18' title='bbox 1095 570 1243 653; x_wconf 79' lang='lat' dir='ltr'><em>Proculi,</em></span> <span class='ocrx_word' id='word_1_19' title='bbox 1258 562 1295 637; x_wconf 74' lang='grc' dir='ltr'><em>ὃ·</em></span> 
     </span>
     <span class='ocr_line' id='line_1_4' title="bbox 339 681 1379 779; baseline -0.007 -23"><span class='ocrx_word' id='word_1_20' title='bbox 339 681 466 779; x_wconf 79' lang='lat' dir='ltr'><em>Bonofr.</em></span> <span class='ocrx_word' id='word_1_21' title='bbox 480 685 625 756; x_wconf 81' lang='lat' dir='ltr'><em>Preterea</em></span> <span class='ocrx_word' id='word_1_22' title='bbox 641 682 754 774; x_wconf 78' lang='lat' dir='ltr'><em>erigam</em></span> <span class='ocrx_word' id='word_1_23' title='bbox 768 683 1010 774; x_wconf 78' lang='lat' dir='ltr'><em>Imperatorum,</em></span> <span class='ocrx_word' id='word_1_24' title='bbox 1024 683 1186 774; x_wconf 77' lang='lat' dir='ltr'><em>Caripeta</em></span> <span class='ocrx_word' id='word_1_25' title='bbox 1196 733 1207 767; x_wconf 93' lang='lat'><em>,</em></span> <span class='ocrx_word' id='word_1_26' title='bbox 1219 684 1297 750; x_wconf 84' lang='lat' dir='ltr'><em>Nea·</em></span> <span class='ocrx_word' id='word_1_27' title='bbox 1378 695 1379 762; x_wconf 68' lang='grc' dir='ltr'><em>ι</em></span> 
     </span>
    </p>
   </div>
   <div class='ocr_carea' id='block_1_3' title="bbox 312 787 1379 1006">
    <p class='ocr_par' dir='ltr' id='par_1_3' title="bbox 312 787 1379 1006">
     <span class='ocr_line' id='line_1_5' title="bbox 340 787 1299 886; baseline -0.01 -20"><span class='ocrx_word' id='word_1_28' title='bbox 340 795 492 875; x_wconf 74' lang='lat' dir='ltr'><em>raetiani,</em></span> <span class='ocrx_word' id='word_1_29' title='bbox 509 787 542 861; x_wconf 65' lang='grc' dir='ltr'><em>δ’</em></span> <span class='ocrx_word' id='word_1_30' title='bbox 564 792 681 862; x_wconf 83' lang='lat' dir='ltr'><em>Carini.</em></span> <span class='ocrx_word' id='word_1_31' title='bbox 702 791 809 882; x_wconf 81' lang='lat' dir='ltr'><em>Neque</em></span> <span class='ocrx_word' id='word_1_32' title='bbox 821 813 933 882; x_wconf 82' lang='lat' dir='ltr'><em>prater</em></span> <span class='ocrx_word' id='word_1_33' title='bbox 947 789 1023 886; x_wconf 86' lang='lat' dir='ltr'><em>ista,</em></span> <span class='ocrx_word' id='word_1_34' title='bbox 1041 817 1107 882; x_wconf 79' lang='lat' dir='ltr'><em>que</em></span> <span class='ocrx_word' id='word_1_35' title='bbox 1126 793 1218 872; x_wconf 78' lang='lat' dir='ltr'><em>leodic</em></span> <span class='ocrx_word' id='word_1_36' title='bbox 1236 817 1299 859; x_wconf 80' lang='lat' dir='ltr'><em>ex·</em></span> 
     </span>
     <span class='ocr_line' id='line_1_6' title="bbox 312 897 1379 1006; baseline -0.007 -31"><span class='ocrx_word' id='word_1_37' title='bbox 312 971 316 982; x_wconf 85' lang='grc'>,</span> <span class='ocrx_word' id='word_1_38' title='bbox 331 904 439 1006; x_wconf 77' lang='lat' dir='ltr'><em>flant,</em></span> <span class='ocrx_word' id='word_1_39' title='bbox 452 903 641 994; x_wconf 83' lang='lat' dir='ltr'><em>quidquam,</em></span> <span class='ocrx_word' id='word_1_40' title='bbox 657 901 706 968; x_wconf 80' lang='lat' dir='ltr'><em>uel</em></span> <span class='ocrx_word' id='word_1_41' title='bbox 722 901 762 968; x_wconf 76' lang='lat' dir='ltr'><em>ab</em></span> <span class='ocrx_word' id='word_1_42' title='bbox 782 902 849 990; x_wconf 84' lang='lat' dir='ltr'><em>ipso</em></span> <span class='ocrx_word' id='word_1_43' title='bbox 869 897 1009 984; x_wconf 76' lang='lat' dir='ltr'><em>utiliore,</em></span> <span class='ocrx_word' id='word_1_44' title='bbox 1030 903 1081 970; x_wconf 81' lang='lat' dir='ltr'><em>rel</em></span> <span class='ocrx_word' id='word_1_45' title='bbox 1095 903 1134 969; x_wconf 86' lang='lat' dir='ltr'><em>ab</em></span> <span class='ocrx_word' id='word_1_46' title='bbox 1146 903 1210 971; x_wconf 89' lang='lat' dir='ltr'><em>alio</em></span> <span class='ocrx_word' id='word_1_47' title='bbox 1214 898 1300 992; x_wconf 84' lang='lat' dir='ltr'><em>scri·</em></span> <span class='ocrx_word' id='word_1_48' title='bbox 1378 909 1379 934; x_wconf 66' lang='lat'>¹</span> 
     </span>
    </p>
   </div>
   <div class='ocr_carea' id='block_1_4' title="bbox 335 1007 1302 1217">
    <p class='ocr_par' dir='ltr' id='par_1_4' title="bbox 335 1007 1302 1217">
     <span class='ocr_line' id='line_1_7' title="bbox 335 1007 1301 1107; baseline -0.002 -29"><span class='ocrx_word' id='word_1_49' title='bbox 335 1032 444 1107; x_wconf 73' lang='lat' dir='ltr'><em>prore,</em></span> <span class='ocrx_word' id='word_1_50' title='bbox 469 1010 590 1078; x_wconf 83' lang='lat' dir='ltr'><em>citatur.</em></span> <span class='ocrx_word' id='word_1_51' title='bbox 618 1007 694 1100; x_wconf 80' lang='lat' dir='ltr'><em>Qua</em></span> <span class='ocrx_word' id='word_1_52' title='bbox 717 1009 832 1076; x_wconf 79' lang='lat' dir='ltr'><em>vixerit</em></span> <span class='ocrx_word' id='word_1_53' title='bbox 858 1030 965 1090; x_wconf 79' lang='lat' dir='ltr'><em>arare,</em></span> <span class='ocrx_word' id='word_1_54' title='bbox 986 1031 1052 1076; x_wconf 89' lang='lat' dir='ltr'><em>non</em></span> <span class='ocrx_word' id='word_1_55' title='bbox 1074 1035 1139 1077; x_wconf 88' lang='lat' dir='ltr'><em>urto</em></span> <span class='ocrx_word' id='word_1_56' title='bbox 1160 1012 1301 1101; x_wconf 72' lang='lat' dir='ltr'><em>colligere</em></span> 
     </span>
     <span class='ocr_line' id='line_1_8' title="bbox 341 1115 1302 1217; baseline 0.001 -32"><span class='ocrx_word' id='word_1_57' title='bbox 341 1115 583 1217; x_wconf 79' lang='lat' dir='ltr'><em>estargumcnro.</em></span> <span class='ocrx_word' id='word_1_58' title='bbox 604 1121 714 1185; x_wconf 84' lang='lat' dir='ltr'><em>Auum</em></span> <span class='ocrx_word' id='word_1_59' title='bbox 732 1118 811 1186; x_wconf 87' lang='lat' dir='ltr'><em>enim</em></span> <span class='ocrx_word' id='word_1_60' title='bbox 822 1116 920 1207; x_wconf 84' lang='lat' dir='ltr'><em>fuum</em></span> <span class='ocrx_word' id='word_1_61' title='bbox 943 1115 1111 1214; x_wconf 74' lang='lat' dir='ltr'><em>interfuiffc</em></span> <span class='ocrx_word' id='word_1_62' title='bbox 1130 1119 1205 1186; x_wconf 83' lang='lat' dir='ltr'><em>dicit</em></span> <span class='ocrx_word' id='word_1_63' title='bbox 1224 1143 1302 1186; x_wconf 85' lang='lat' dir='ltr'><em>cort·</em></span> 
     </span>
    </p>
   </div>
   <div class='ocr_carea' id='block_1_5' title="bbox 262 1229 1379 1325">
    <p class='ocr_par' dir='ltr' id='par_1_5' title="bbox 262 1229 1379 1325">
     <span class='ocr_line' id='line_1_9' title="bbox 262 1229 1379 1325; baseline 0 -29"><span class='ocrx_word' id='word_1_64' title='bbox 262 1291 264 1296; x_wconf 28' lang='lat' dir='ltr'>s</span> <span class='ocrx_word' id='word_1_65' title='bbox 342 1233 445 1314; x_wconf 79' lang='lat' dir='ltr'><em>aioni,</em></span> <span class='ocrx_word' id='word_1_66' title='bbox 460 1253 529 1298; x_wconf 85' lang='lat' dir='ltr'><em>cum</em></span> <span class='ocrx_word' id='word_1_67' title='bbox 542 1235 632 1319; x_wconf 86' lang='lat' dir='ltr'><em>Aper</em></span> <span class='ocrx_word' id='word_1_68' title='bbox 640 1253 737 1296; x_wconf 88' lang='lat' dir='ltr'><em>mauu</em></span> <span class='ocrx_word' id='word_1_69' title='bbox 747 1229 933 1296; x_wconf 84' lang='lat' dir='ltr'><em>occideretur</em></span> <span class='ocrx_word' id='word_1_70' title='bbox 951 1230 1158 1299; x_wconf 74' lang='lat' dir='ltr'><em>Diocletiani.</em></span> <span class='ocrx_word' id='word_1_71' title='bbox 1178 1233 1218 1297; x_wconf 89' lang='lat' dir='ltr'><em>ln</em></span> <span class='ocrx_word' id='word_1_72' title='bbox 1234 1230 1302 1325; x_wconf 68' lang='lat' dir='ltr'><em>eu·</em></span> <span class='ocrx_word' id='word_1_73' title='bbox 1378 1237 1379 1306; x_wconf 65' lang='grc' dir='ltr'><em>ἴ</em></span> 
     </span>
    </p>
   </div>
   <div class='ocr_carea' id='block_1_6' title="bbox 340 1334 1303 1428">
    <p class='ocr_par' dir='ltr' id='par_1_6' title="bbox 340 1334 1303 1428">
     <span class='ocr_line' id='line_1_10' title="bbox 340 1334 1303 1428; baseline -0.007 -16"><span class='ocrx_word' id='word_1_74' title='bbox 340 1345 414 1412; x_wconf 85' lang='grc' dir='ltr'><em>ιὶιιο</em></span> <span class='ocrx_word' id='word_1_75' title='bbox 434 1361 535 1408; x_wconf 86' lang='lat' dir='ltr'><em>autam</em></span> <span class='ocrx_word' id='word_1_76' title='bbox 559 1359 692 1428; x_wconf 83' lang='lat' dir='ltr'><em>quatuor</em></span> <span class='ocrx_word' id='word_1_77' title='bbox 720 1336 808 1426; x_wconf 83' lang='lat' dir='ltr'><em>hosce</em></span> <span class='ocrx_word' id='word_1_78' title='bbox 828 1337 988 1426; x_wconf 73' lang='lat' dir='ltr'><em>Principes·</em></span> <span class='ocrx_word' id='word_1_79' title='bbox 1016 1339 1144 1418; x_wconf 81' lang='lat' dir='ltr'><em>laudor,</em></span> <span class='ocrx_word' id='word_1_80' title='bbox 1165 1334 1303 1405; x_wconf 85' lang='lat' dir='ltr'><em>Diocle-</em></span> 
     </span>
    </p>
   </div>
   <div class='ocr_carea' id='block_1_7' title="bbox 343 1439 1379 1653">
    <p class='ocr_par' dir='ltr' id='par_1_7' title="bbox 343 1439 1379 1649">
     <span class='ocr_line' id='line_1_11' title="bbox 343 1439 1379 1540; baseline -0.011 -21"><span class='ocrx_word' id='word_1_81' title='bbox 343 1453 486 1528; x_wconf 79' lang='lat' dir='ltr'><em>tianum,</em></span> <span class='ocrx_word' id='word_1_82' title='bbox 512 1447 768 1526; x_wconf 81' lang='lat' dir='ltr'><em>Maximianum,</em></span> <span class='ocrx_word' id='word_1_83' title='bbox 793 1443 973 1528; x_wconf 83' lang='lat' dir='ltr'><em>Galerium,</em></span> <span class='ocrx_word' id='word_1_84' title='bbox 996 1439 1029 1512; x_wconf 69' lang='lat' dir='ltr'><em>Gt</em></span> <span class='ocrx_word' id='word_1_85' title='bbox 1058 1444 1303 1540; x_wconf 80' lang='lat' dir='ltr'><em>Constantium:</em></span> <span class='ocrx_word' id='word_1_86' title='bbox 1378 1453 1379 1508; x_wconf 70' lang='lat' dir='ltr'><em>l</em></span> 
     </span>
     <span class='ocr_line' id='line_1_12' title="bbox 344 1548 1379 1653; baseline -0.005 -26"><span class='ocrx_word' id='word_1_87' title='bbox 344 1581 433 1647; x_wconf 86' lang='lat' dir='ltr'><em>atque</em></span> <span class='ocrx_word' id='word_1_88' title='bbox 461 1556 568 1622; x_wconf 83' lang='lat' dir='ltr'><em>horum</em></span> <span class='ocrx_word' id='word_1_89' title='bbox 588 1551 728 1653; x_wconf 78' lang='lat' dir='ltr'><em>fingulis</em></span> <span class='ocrx_word' id='word_1_90' title='bbox 756 1551 843 1620; x_wconf 86' lang='lat' dir='ltr'><em>libris</em></span> <span class='ocrx_word' id='word_1_91' title='bbox 869 1556 915 1638; x_wconf 68' lang='lat' dir='ltr'><em>rit</em></span> <span class='ocrx_word' id='word_1_92' title='bbox 915 1577 967 1620; x_wconf 84' lang='lat' dir='ltr'><em>arn</em></span> <span class='ocrx_word' id='word_1_93' title='bbox 989 1548 1043 1648; x_wconf 81' lang='lat' dir='ltr'><em>effe</em></span> <span class='ocrx_word' id='word_1_94' title='bbox 1067 1554 1227 1644; x_wconf 81' lang='lat' dir='ltr'><em>proditam</em></span> <span class='ocrx_word' id='word_1_95' title='bbox 1254 1554 1303 1622; x_wconf 83' lang='lat' dir='ltr'><em>ait</em></span> <span class='ocrx_word' id='word_1_96' title='bbox 1378 1549 1379 1572; x_wconf 77' lang='lat'>³</span> 
     </span>
    </p>
   </div>
   <div class='ocr_carea' id='block_1_8' title="bbox 343 1663 1305 1891">
    <p class='ocr_par' dir='ltr' id='par_1_8' title="bbox 343 1663 1305 1891">
     <span class='ocr_line' id='line_1_13' title="bbox 343 1663 1305 1766; baseline -0.001 -29"><span class='ocrx_word' id='word_1_97' title='bbox 343 1670 387 1737; x_wconf 82' lang='lat' dir='ltr'><em>ab</em></span> <span class='ocrx_word' id='word_1_98' title='bbox 416 1667 549 1738; x_wconf 81' lang='lat' dir='ltr'><em>Claudio</em></span> <span class='ocrx_word' id='word_1_99' title='bbox 580 1665 774 1763; x_wconf 82' lang='lat' dir='ltr'><em>Ertstleertio,</em></span> <span class='ocrx_word' id='word_1_100' title='bbox 791 1665 844 1756; x_wconf 85' lang='lat' dir='ltr'><em>qui</em></span> <span class='ocrx_word' id='word_1_101' title='bbox 871 1663 975 1732; x_wconf 81' lang='lat' dir='ltr'><em>Dio&#39;cl</em></span> <span class='ocrx_word' id='word_1_102' title='bbox 960 1667 1074 1734; x_wconf 74' lang='lat' dir='ltr'><em>litiano</em></span> <span class='ocrx_word' id='word_1_103' title='bbox 1099 1667 1140 1734; x_wconf 85' lang='lat' dir='ltr'><em>ab</em></span> <span class='ocrx_word' id='word_1_104' title='bbox 1170 1667 1287 1766; x_wconf 80' lang='lat' dir='ltr'><em>epistol</em></span> <span class='ocrx_word' id='word_1_105' title='bbox 1274 1691 1305 1736; x_wconf 89' lang='lat' dir='ltr'><em>rs</em></span> 
     </span>
     <span class='ocr_line' id='line_1_14' title="bbox 344 1771 1304 1891; baseline -0.003 -46"><span class='ocrx_word' id='word_1_106' title='bbox 344 1796 532 1891; x_wconf 41' lang='lat' dir='ltr'><em>vacuaeque</em></span> <span class='ocrx_word' id='word_1_107' title='bbox 557 1775 613 1842; x_wconf 80' lang='lat' dir='ltr'><em>stoc</em></span> <span class='ocrx_word' id='word_1_108' title='bbox 633 1771 746 1841; x_wconf 88' lang='lat' dir='ltr'><em>idcirco</em></span> <span class='ocrx_word' id='word_1_109' title='bbox 760 1798 780 1839; x_wconf 86' lang='lat' dir='ltr'><em>a</em></span> <span class='ocrx_word' id='word_1_110' title='bbox 790 1772 835 1863; x_wconf 88' lang='lat' dir='ltr'><em>se</em></span> <span class='ocrx_word' id='word_1_111' title='bbox 851 1773 934 1856; x_wconf 86' lang='lat' dir='ltr'><em>dici,</em></span> <span class='ocrx_word' id='word_1_112' title='bbox 954 1795 995 1840; x_wconf 92' lang='lat' dir='ltr'><em>ne</em></span> <span class='ocrx_word' id='word_1_113' title='bbox 1010 1775 1078 1864; x_wconf 83' lang='lat' dir='ltr'><em>quis</em></span> <span class='ocrx_word' id='word_1_114' title='bbox 1097 1801 1157 1843; x_wconf 88' lang='lat' dir='ltr'><em>rem</em></span> <span class='ocrx_word' id='word_1_115' title='bbox 1178 1797 1304 1844; x_wconf 84' lang='lat' dir='ltr'><em>tantam</em></span> 
     </span>
    </p>
   </div>
   <div class='ocr_carea' id='block_1_9' title="bbox 236 1882 1304 1980">
    <p class='ocr_par' dir='ltr' id='par_1_9' title="bbox 236 1882 1304 1980">
     <span class='ocr_line' id='line_1_15' title="bbox 236 1882 1304 1980; baseline 0 -26"><span class='ocrx_word' id='word_1_116' title='bbox 236 1961 242 1980; x_wconf 44' lang='grc'><strong><em>,</em></strong></span> <span class='ocrx_word' id='word_1_117' title='bbox 345 1915 367 1954; x_wconf 83' lang='lat' dir='ltr'><strong><em>a</em></strong></span> <span class='ocrx_word' id='word_1_118' title='bbox 380 1885 419 1974; x_wconf 83' lang='lat' dir='ltr'><em>sa</em></span> <span class='ocrx_word' id='word_1_119' title='bbox 430 1903 540 1973; x_wconf 84' lang='lat' dir='ltr'><em>petar,</em></span> <span class='ocrx_word' id='word_1_120' title='bbox 564 1882 716 1950; x_wconf 84' lang='lat' dir='ltr'><em>maxime</em></span> <span class='ocrx_word' id='word_1_121' title='bbox 727 1905 796 1950; x_wconf 86' lang='lat' dir='ltr'><em>cum</em></span> <span class='ocrx_word' id='word_1_122' title='bbox 814 1884 918 1950; x_wconf 80' lang='lat' dir='ltr'><em>rel</em></span> <span class='ocrx_word' id='word_1_123' title='bbox 885 1908 1023 1950; x_wconf 83' lang='lat' dir='ltr'><em>verorum</em></span> <span class='ocrx_word' id='word_1_124' title='bbox 1037 1887 1213 1975; x_wconf 69' lang='lat' dir='ltr'><em>principaii</em></span> <span class='ocrx_word' id='word_1_125' title='bbox 1233 1890 1304 1955; x_wconf 78' lang='lat' dir='ltr'><em>vica</em></span> 
     </span>
    </p>
   </div>
   <div class='ocr_carea' id='block_1_10' title="bbox 339 1986 1309 2408">
    <p class='ocr_par' dir='ltr' id='par_1_10' title="bbox 339 1986 1309 2408">
     <span class='ocr_line' id='line_1_16' title="bbox 347 1986 1308 2093; baseline 0 -33"><span class='ocrx_word' id='word_1_126' title='bbox 347 1988 487 2087; x_wconf 82' lang='lat' dir='ltr'><em>nonfirte</em></span> <span class='ocrx_word' id='word_1_127' title='bbox 498 1986 719 2085; x_wconf 79' lang='lat' dir='ltr'><em>rcpmlrenſsone</em></span> <span class='ocrx_word' id='word_1_128' title='bbox 730 1991 862 2058; x_wconf 81' lang='lat' dir='ltr'><em>dicacur.</em></span> <span class='ocrx_word' id='word_1_129' title='bbox 879 1992 974 2059; x_wconf 75' lang='lat' dir='ltr'><em>vnce</em></span> <span class='ocrx_word' id='word_1_130' title='bbox 986 1991 1096 2083; x_wconf 84' lang='lat' dir='ltr'><em>liquet,</em></span> <span class='ocrx_word' id='word_1_131' title='bbox 1111 1988 1224 2086; x_wconf 76' lang='lat' dir='ltr'><em>uixrffe</em></span> <span class='ocrx_word' id='word_1_132' title='bbox 1235 1995 1308 2093; x_wconf 86' lang='lat' dir='ltr'><em>post</em></span> 
     </span>
     <span class='ocr_line' id='line_1_17' title="bbox 346 2092 1309 2198; baseline 0 -30"><span class='ocrx_word' id='word_1_133' title='bbox 346 2101 464 2168; x_wconf 81' lang='lat' dir='ltr'><em>obitum</em></span> <span class='ocrx_word' id='word_1_134' title='bbox 487 2094 659 2196; x_wconf 86' lang='lat' dir='ltr'><em>Constantii</em></span> <span class='ocrx_word' id='word_1_135' title='bbox 682 2096 807 2180; x_wconf 77' lang='lat' dir='ltr'><em>Chlori,</em></span> <span class='ocrx_word' id='word_1_136' title='bbox 830 2096 885 2186; x_wconf 85' lang='lat' dir='ltr'><em>qui</em></span> <span class='ocrx_word' id='word_1_137' title='bbox 919 2097 1117 2198; x_wconf 84' lang='lat' dir='ltr'><em>Constantini</em></span> <span class='ocrx_word' id='word_1_138' title='bbox 1140 2092 1210 2170; x_wconf 86' lang='grc' dir='ltr'><em>Μ.</em></span> <span class='ocrx_word' id='word_1_139' title='bbox 1213 2123 1309 2191; x_wconf 86' lang='lat' dir='ltr'><em>parer</em></span> 
     </span>
     <span class='ocr_line' id='line_1_18' title="bbox 339 2200 1309 2300; baseline 0.001 -23"><span class='ocrx_word' id='word_1_140' title='bbox 339 2208 421 2299; x_wconf 87' lang='lat' dir='ltr'><em>suit.</em></span> <span class='ocrx_word' id='word_1_141' title='bbox 432 2209 484 2279; x_wconf 74' lang='grc' dir='ltr'><em>,Ει</em></span> <span class='ocrx_word' id='word_1_142' title='bbox 501 2208 603 2276; x_wconf 84' lang='lat' dir='ltr'><em>rameri</em></span> <span class='ocrx_word' id='word_1_143' title='bbox 623 2209 658 2274; x_wconf 87' lang='lat' dir='ltr'><em>ire</em></span> <span class='ocrx_word' id='word_1_144' title='bbox 673 2207 849 2274; x_wconf 86' lang='lat' dir='ltr'><em>Aureliano</em></span> <span class='ocrx_word' id='word_1_145' title='bbox 863 2204 932 2274; x_wconf 81' lang='lat' dir='ltr'><em>aire</em></span> <span class='ocrx_word' id='word_1_146' title='bbox 946 2206 987 2276; x_wconf 86' lang='lat' dir='ltr'><em>Et</em></span> <span class='ocrx_word' id='word_1_147' title='bbox 1009 2205 1056 2275; x_wconf 83' lang='lat' dir='ltr'><em>est</em></span> <span class='ocrx_word' id='word_1_148' title='bbox 1077 2200 1213 2300; x_wconf 78' lang='lat' dir='ltr'><em>quidem</em></span> <span class='ocrx_word' id='word_1_149' title='bbox 1237 2204 1309 2298; x_wconf 76' lang='lat' dir='ltr'><em>jum</em></span> 
     </span>
     <span class='ocr_line' id='line_1_19' title="bbox 348 2314 1309 2408; baseline 0.002 -20"><span class='ocrx_word' id='word_1_150' title='bbox 348 2314 568 2388; x_wconf 78' lang='lat' dir='ltr'><em>Constantius</em></span> <span class='ocrx_word' id='word_1_151' title='bbox 587 2319 671 2408; x_wconf 82' lang='lat' dir='ltr'><em>Imp.</em></span> <span class='ocrx_word' id='word_1_152' title='bbox 696 2319 760 2386; x_wconf 78' lang='lat' dir='ltr'><em>Sed</em></span> <span class='ocrx_word' id='word_1_153' title='bbox 770 2337 871 2408; x_wconf 83' lang='lat' dir='ltr'><em>puto,</em></span> <span class='ocrx_word' id='word_1_154' title='bbox 899 2319 938 2384; x_wconf 87' lang='lat' dir='ltr'><em>ab</em></span> <span class='ocrx_word' id='word_1_155' title='bbox 960 2321 1135 2386; x_wconf 83' lang='lat' dir='ltr'><em>Aureliano</em></span> <span class='ocrx_word' id='word_1_156' title='bbox 1145 2319 1309 2408; x_wconf 77' lang='lat' dir='ltr'><em>scribendi</em></span> 
     </span>
    </p>
   </div>
   <div class='ocr_carea' id='block_1_11' title="bbox 346 2419 1379 2532">
    <p class='ocr_par' dir='ltr' id='par_1_11' title="bbox 346 2419 1379 2532">
     <span class='ocr_line' id='line_1_20' title="bbox 346 2419 1379 2532; baseline -0.014 -36"><span class='ocrx_word' id='word_1_157' title='bbox 346 2419 469 2496; x_wconf 76' lang='lat' dir='ltr'><em>inicium</em></span> <span class='ocrx_word' id='word_1_158' title='bbox 482 2423 572 2513; x_wconf 85' lang='lat' dir='ltr'><em>fecit.</em></span> <span class='ocrx_word' id='word_1_159' title='bbox 601 2424 750 2495; x_wconf 85' lang='lat' dir='ltr'><em>Carinum</em></span> <span class='ocrx_word' id='word_1_160' title='bbox 772 2449 841 2493; x_wconf 75' lang='lat' dir='ltr'><em>uero</em></span> <span class='ocrx_word' id='word_1_161' title='bbox 862 2426 1019 2494; x_wconf 74' lang='lat' dir='ltr'><em>inlicitas</em></span> <span class='ocrx_word' id='word_1_162' title='bbox 1044 2424 1128 2532; x_wconf 77' lang='lat' dir='ltr'><em>miste</em></span> <span class='ocrx_word' id='word_1_163' title='bbox 1144 2427 1214 2526; x_wconf 82' lang='lat' dir='ltr'><em>post</em></span> <span class='ocrx_word' id='word_1_164' title='bbox 1237 2432 1310 2496; x_wconf 69' lang='lat' dir='ltr'><em>obi.</em></span> <span class='ocrx_word' id='word_1_165' title='bbox 1378 2421 1379 2428; x_wconf 73' lang='grc'>’</span> 
     </span>
    </p>
   </div>
   <div class='ocr_carea' id='block_1_12' title="bbox 346 2527 1311 2634">
    <p class='ocr_par' dir='ltr' id='par_1_12' title="bbox 346 2527 1311 2634">
     <span class='ocr_line' id='line_1_21' title="bbox 346 2527 1311 2634; baseline 0.002 -30"><span class='ocrx_word' id='word_1_166' title='bbox 346 2553 413 2604; x_wconf 85' lang='lat' dir='ltr'><em>tum</em></span> <span class='ocrx_word' id='word_1_167' title='bbox 440 2533 626 2630; x_wconf 83' lang='lat' dir='ltr'><em>Constantii.</em></span> <span class='ocrx_word' id='word_1_168' title='bbox 649 2539 710 2602; x_wconf 88' lang='lat' dir='ltr'><em>Vcl</em></span> <span class='ocrx_word' id='word_1_169' title='bbox 695 2535 788 2603; x_wconf 78' lang='lat' dir='ltr'><em>thoe</em></span> <span class='ocrx_word' id='word_1_170' title='bbox 809 2560 912 2603; x_wconf 75' lang='lat' dir='ltr'><em>uarum</em></span> <span class='ocrx_word' id='word_1_171' title='bbox 938 2534 997 2634; x_wconf 73' lang='lat' dir='ltr'><em>cst,</em></span> <span class='ocrx_word' id='word_1_172' title='bbox 1018 2541 1069 2604; x_wconf 79' lang='lat' dir='ltr'><em>rel</em></span> <span class='ocrx_word' id='word_1_173' title='bbox 1077 2527 1177 2626; x_wconf 77' lang='lat' dir='ltr'><em>scribi</em></span> <span class='ocrx_word' id='word_1_174' title='bbox 1199 2539 1311 2626; x_wconf 85' lang='lat' dir='ltr'><em>deber,</em></span> 
     </span>
    </p>
   </div>
   <div class='ocr_carea' id='block_1_13' title="bbox 224 2631 1308 2746">
    <p class='ocr_par' dir='ltr' id='par_1_13' title="bbox 224 2631 1308 2746">
     <span class='ocr_line' id='line_1_22' title="bbox 224 2631 1308 2746; baseline 0.007 -37"><span class='ocrx_word' id='word_1_175' title='bbox 224 2641 230 2666; x_wconf 76' lang='lat'><em>⁶</em></span> <span class='ocrx_word' id='word_1_176' title='bbox 342 2641 416 2730; x_wconf 82' lang='lat' dir='ltr'><em>jam</em></span> <span class='ocrx_word' id='word_1_177' title='bbox 445 2631 664 2738; x_wconf 78' lang='lat' dir='ltr'><em>Conflaniinrcs</em></span> <span class='ocrx_word' id='word_1_178' title='bbox 693 2645 805 2733; x_wconf 88' lang='lat' dir='ltr'><em>Imper.</em></span> <span class='ocrx_word' id='word_1_179' title='bbox 829 2647 879 2712; x_wconf 79' lang='lat' dir='ltr'><em>rel</em></span> <span class='ocrx_word' id='word_1_180' title='bbox 902 2646 1117 2740; x_wconf 80' lang='lat' dir='ltr'><em>intelligendus</em></span> <span class='ocrx_word' id='word_1_181' title='bbox 1151 2646 1308 2746; x_wconf 79' lang='lat' dir='ltr'><em>Constan-</em></span> 
     </span>
    </p>
   </div>
   <div class='ocr_carea' id='block_1_14' title="bbox 266 2749 1379 2953">
    <p class='ocr_par' dir='ltr' id='par_1_14' title="bbox 266 2749 1379 2953">
     <span class='ocr_line' id='line_1_23' title="bbox 349 2749 1379 2857; baseline 0.007 -38"><span class='ocrx_word' id='word_1_182' title='bbox 349 2754 413 2820; x_wconf 87' lang='lat' dir='ltr'><em>tius</em></span> <span class='ocrx_word' id='word_1_183' title='bbox 425 2749 650 2848; x_wconf 84' lang='lat' dir='ltr'><em>,Constantini</em></span> <span class='ocrx_word' id='word_1_184' title='bbox 669 2749 784 2836; x_wconf 83' lang='lat' dir='ltr'><em>filius.</em></span> <span class='ocrx_word' id='word_1_185' title='bbox 801 2759 850 2819; x_wconf 89' lang='lat' dir='ltr'><em>At</em></span> <span class='ocrx_word' id='word_1_186' title='bbox 871 2760 1000 2822; x_wconf 84' lang='lat' dir='ltr'><em>omnino</em></span> <span class='ocrx_word' id='word_1_187' title='bbox 1025 2758 1202 2857; x_wconf 73' lang='lat' dir='ltr'><em>ueriur&#39;ejl,</em></span> <span class='ocrx_word' id='word_1_188' title='bbox 1226 2757 1379 2849; x_wconf 85' lang='lat' dir='ltr'><em>quod</em></span> 
     </span>
     <span class='ocr_line' id='line_1_24' title="bbox 266 2857 1310 2953; baseline 0.012 -30"><span class='ocrx_word' id='word_1_189' title='bbox 266 2949 268 2953; x_wconf 23' lang='grc' dir='ltr'>Ι</span> <span class='ocrx_word' id='word_1_190' title='bbox 344 2881 449 2949; x_wconf 86' lang='lat' dir='ltr'><em>premo</em></span> <span class='ocrx_word' id='word_1_191' title='bbox 459 2860 528 2926; x_wconf 88' lang='lat' dir='ltr'><em>loco</em></span> <span class='ocrx_word' id='word_1_192' title='bbox 540 2857 688 2924; x_wconf 79' lang='lat' dir='ltr'><em>dicebam.</em></span> <span class='ocrx_word' id='word_1_193' title='bbox 703 2859 789 2924; x_wconf 89' lang='lat' dir='ltr'><em>Nam</em></span> <span class='ocrx_word' id='word_1_194' title='bbox 802 2861 1009 2928; x_wconf 82' lang='lat' dir='ltr'><em>Aurelianum</em></span> <span class='ocrx_word' id='word_1_195' title='bbox 1022 2868 1120 2932; x_wconf 86' lang='lat' dir='ltr'><em>multo</em></span> <span class='ocrx_word' id='word_1_196' title='bbox 1138 2879 1210 2934; x_wconf 83' lang='lat' dir='ltr'><em>anre</em></span> <span class='ocrx_word' id='word_1_197' title='bbox 1223 2869 1310 2936; x_wconf 84' lang='lat' dir='ltr'><em>alios</em></span> 
     </span>
    </p>
   </div>
   <div class='ocr_carea' id='block_1_15' title="bbox 350 2959 1314 3618">
    <p class='ocr_par' dir='ltr' id='par_1_15' title="bbox 350 2959 1312 3506">
     <span class='ocr_line' id='line_1_25' title="bbox 351 2959 1312 3066; baseline 0.013 -33.203"><span class='ocrx_word' id='word_1_198' title='bbox 351 2967 466 3036; x_wconf 81' lang='lat' dir='ltr'><em>editum</em></span> <span class='ocrx_word' id='word_1_199' title='bbox 487 2959 609 3060; x_wconf 75' lang='lat' dir='ltr'><em>stiffi,</em></span> <span class='ocrx_word' id='word_1_200' title='bbox 638 2965 727 3034; x_wconf 75' lang='lat' dir='ltr'><em>rerba</em></span> <span class='ocrx_word' id='word_1_201' title='bbox 756 2965 816 3034; x_wconf 80' lang='lat' dir='ltr'><em>suec</em></span> <span class='ocrx_word' id='word_1_202' title='bbox 840 2966 1042 3066; x_wconf 78' lang='lat' dir='ltr'><em>ostendarir&#39;</em></span> <span class='ocrx_word' id='word_1_203' title='bbox 1029 2995 1064 3039; x_wconf 86' lang='lat' dir='ltr'><em>m</em></span> <span class='ocrx_word' id='word_1_204' title='bbox 1093 2975 1218 3043; x_wconf 81' lang='lat' dir='ltr'><em>Probo:</em></span> <span class='ocrx_word' id='word_1_205' title='bbox 1244 2973 1312 3045; x_wconf 87' lang='lat' dir='ltr'><em>Sed</em></span> 
     </span>
     <span class='ocr_line' id='line_1_26' title="bbox 350 3071 1312 3170; baseline 0.008 -26"><span class='ocrx_word' id='word_1_206' title='bbox 350 3082 431 3164; x_wconf 84' lang='lat' dir='ltr'><em>non</em></span> <span class='ocrx_word' id='word_1_207' title='bbox 442 3071 545 3167; x_wconf 85' lang='lat' dir='ltr'><em>patiar</em></span> <span class='ocrx_word' id='word_1_208' title='bbox 562 3094 627 3167; x_wconf 86' lang='lat' dir='ltr'><em>ego</em></span> <span class='ocrx_word' id='word_1_209' title='bbox 646 3071 723 3160; x_wconf 88' lang='lat' dir='ltr'><em>ille,</em></span> <span class='ocrx_word' id='word_1_210' title='bbox 739 3097 757 3143; x_wconf 85' lang='lat' dir='ltr'>a</span> <span class='ocrx_word' id='word_1_211' title='bbox 773 3097 844 3170; x_wconf 81' lang='lat' dir='ltr'><em>quo</em></span> <span class='ocrx_word' id='word_1_212' title='bbox 864 3074 990 3146; x_wconf 84' lang='lat' dir='ltr'><em>dodum</em></span> <span class='ocrx_word' id='word_1_213' title='bbox 1007 3074 1095 3148; x_wconf 87' lang='lat' dir='ltr'><em>solus</em></span> <span class='ocrx_word' id='word_1_214' title='bbox 1111 3077 1312 3152; x_wconf 78' lang='lat' dir='ltr'><em>Aurelianus</em></span> 
     </span>
     <span class='ocr_line' id='line_1_27' title="bbox 352 3179 1312 3285; baseline 0.01 -33"><span class='ocrx_word' id='word_1_215' title='bbox 352 3181 399 3252; x_wconf 86' lang='lat' dir='ltr'><em>est</em></span> <span class='ocrx_word' id='word_1_216' title='bbox 427 3179 615 3275; x_wconf 85' lang='lat' dir='ltr'><em>experitus,</em></span> <span class='ocrx_word' id='word_1_217' title='bbox 639 3180 734 3270; x_wconf 79' lang='lat' dir='ltr'><em>cujus</em></span> <span class='ocrx_word' id='word_1_218' title='bbox 757 3183 880 3266; x_wconf 81' lang='lat' dir='ltr'><em>vitam,</em></span> <span class='ocrx_word' id='word_1_219' title='bbox 902 3205 1064 3282; x_wconf 79' lang='lat' dir='ltr'><em>quantum</em></span> <span class='ocrx_word' id='word_1_220' title='bbox 1086 3189 1209 3284; x_wconf 87' lang='lat' dir='ltr'><em>potui,</em></span> <span class='ocrx_word' id='word_1_221' title='bbox 1231 3215 1312 3285; x_wconf 88' lang='lat' dir='ltr'><em>per-</em></span> 
     </span>
     <span class='ocr_line' id='line_1_28' title="bbox 353 3288 1312 3394; baseline 0.013 -30"><span class='ocrx_word' id='word_1_222' title='bbox 353 3291 502 3380; x_wconf 85' lang='lat' dir='ltr'><em>secutus,</em></span> <span class='ocrx_word' id='word_1_223' title='bbox 521 3293 642 3366; x_wconf 84' lang='lat' dir='ltr'><em>Tacito</em></span> <span class='ocrx_word' id='word_1_224' title='bbox 661 3294 890 3394; x_wconf 84' lang='lat' dir='ltr'><em>Florianoque</em></span> <span class='ocrx_word' id='word_1_225' title='bbox 908 3295 974 3391; x_wconf 86' lang='lat' dir='ltr'><em>jam</em></span> <span class='ocrx_word' id='word_1_226' title='bbox 996 3288 1143 3394; x_wconf 86' lang='lat' dir='ltr'><em>scriptis,</em></span> <span class='ocrx_word' id='word_1_227' title='bbox 1166 3325 1312 3377; x_wconf 88' lang='lat' dir='ltr'><em>nonme</em></span> 
     </span>
     <span class='ocr_line' id='line_1_29' title="bbox 353 3399 1312 3506; baseline 0.013 -34"><span class='ocrx_word' id='word_1_228' title='bbox 353 3401 395 3472; x_wconf 82' lang='lat' dir='ltr'><em>ad</em></span> <span class='ocrx_word' id='word_1_229' title='bbox 430 3400 533 3472; x_wconf 90' lang='lat' dir='ltr'><em>Probi</em></span> <span class='ocrx_word' id='word_1_230' title='bbox 564 3399 648 3474; x_wconf 77' lang='lat' dir='ltr'><em>faeta</em></span> <span class='ocrx_word' id='word_1_231' title='bbox 686 3403 937 3492; x_wconf 79' lang='lat' dir='ltr'><em>conscendere3</em></span> <span class='ocrx_word' id='word_1_232' title='bbox 967 3407 991 3480; x_wconf 88' lang='lat' dir='ltr'><em>li</em></span> <span class='ocrx_word' id='word_1_233' title='bbox 1027 3409 1096 3480; x_wconf 83' lang='lat' dir='ltr'><em>vira</em></span> <span class='ocrx_word' id='word_1_234' title='bbox 1132 3407 1312 3506; x_wconf 84' lang='lat' dir='ltr'><em>suppetet,</em></span> 
     </span>
    </p>

    <p class='ocr_par' dir='ltr' id='par_1_16' title="bbox 355 3507 1314 3618">
     <span class='ocr_line' id='line_1_30' title="bbox 355 3507 1314 3618; baseline 0.013 -40"><span class='ocrx_word' id='word_1_235' title='bbox 355 3530 500 3592; x_wconf 88' lang='lat' dir='ltr'><em>omnes,</em></span> <span class='ocrx_word' id='word_1_236' title='bbox 533 3507 591 3618; x_wconf 90' lang='lat' dir='ltr'><em>qui</em></span> <span class='ocrx_word' id='word_1_237' title='bbox 620 3507 820 3604; x_wconf 86' lang='lat' dir='ltr'><em>supersunt,</em></span> <span class='ocrx_word' id='word_1_238' title='bbox 861 3512 1034 3610; x_wconf 82' lang='lat' dir='ltr'><em>usquead</em></span> <span class='ocrx_word' id='word_1_239' title='bbox 1066 3515 1314 3590; x_wconf 78' lang='lat' dir='ltr'><em>Maximianum</em></span> 
     </span>
    </p>
   </div>
   <div class='ocr_carea' id='block_1_16' title="bbox 284 3594 1377 3719">
    <p class='ocr_par' dir='ltr' id='par_1_17' title="bbox 284 3594 1377 3719">
     <span class='ocr_line' id='line_1_31' title="bbox 284 3594 1377 3719; baseline 0.011 -30"><span class='ocrx_word' id='word_1_240' title='bbox 284 3681 288 3689; x_wconf 92' lang='lat'><em>.</em></span> <span class='ocrx_word' id='word_1_241' title='bbox 355 3594 678 3716; x_wconf 85' lang='lat' dir='ltr'><em>Diocletianumque</em></span> <span class='ocrx_word' id='word_1_242' title='bbox 700 3621 857 3695; x_wconf 66' lang='lat' dir='ltr'><em>dillurus.</em></span> <span class='ocrx_word' id='word_1_243' title='bbox 879 3628 921 3696; x_wconf 86' lang='lat' dir='ltr'><em>ln</em></span> <span class='ocrx_word' id='word_1_244' title='bbox 943 3627 1097 3718; x_wconf 83' lang='lat' dir='ltr'><em>Vopisco‚</em></span> <span class='ocrx_word' id='word_1_245' title='bbox 1115 3654 1149 3719; x_wconf 83' lang='lat' dir='ltr'><em>p</em></span> <span class='ocrx_word' id='word_1_246' title='bbox 1146 3637 1223 3696; x_wconf 79' lang='lat' dir='ltr'><em>utel</em></span> <span class='ocrx_word' id='word_1_247' title='bbox 1240 3655 1314 3700; x_wconf 82' lang='lat' dir='ltr'><em>eru·</em></span> <span class='ocrx_word' id='word_1_248' title='bbox 1376 3683 1377 3686; x_wconf 63' lang='lat'><em>,</em></span> 
     </span>
    </p>
   </div>
   <div class='ocr_carea' id='block_1_17' title="bbox 356 3729 1313 3834">
    <p class='ocr_par' dir='ltr' id='par_1_18' title="bbox 356 3729 1313 3834">
     <span class='ocr_line' id='line_1_32' title="bbox 356 3729 1313 3834; baseline 0.016 -37"><span class='ocrx_word' id='word_1_249' title='bbox 356 3729 573 3828; x_wconf 76' lang='lat' dir='ltr'><em>ditionem‚il</em></span> <span class='ocrx_word' id='word_1_250' title='bbox 559 3735 627 3833; x_wconf 83' lang='lat' dir='ltr'><em>llud</em></span> <span class='ocrx_word' id='word_1_251' title='bbox 648 3737 743 3806; x_wconf 88' lang='lat' dir='ltr'><em>eriam</em></span> <span class='ocrx_word' id='word_1_252' title='bbox 766 3737 951 3834; x_wconf 80' lang='lat' dir='ltr'><em>laudamus,</em></span> <span class='ocrx_word' id='word_1_253' title='bbox 972 3740 1057 3830; x_wconf 81' lang='lat' dir='ltr'><em>quod</em></span> <span class='ocrx_word' id='word_1_254' title='bbox 1074 3740 1181 3814; x_wconf 86' lang='lat' dir='ltr'><em>omnia</em></span> <span class='ocrx_word' id='word_1_255' title='bbox 1203 3742 1313 3814; x_wconf 81' lang='lat' dir='ltr'><em>ordirer</em></span> 
     </span>
    </p>
   </div>
   <div class='ocr_carea' id='block_1_18' title="bbox 0 0 1407 4814">
    <p class='ocr_par' dir='ltr' id='par_1_19' title="bbox 0 0 1407 4814">
     <span class='ocr_line' id='line_1_33' title="bbox 0 0 1407 4814; baseline 0 0"><span class='ocrx_word' id='word_1_256' title='bbox 0 0 1407 4814; x_wconf 95' lang='lat' dir='ltr'><em> </em></span> 
     </span>
    </p>
   </div>
  </div>
 </body>
</html>
