2782 4814
470 124 481 156 ἱ

161 407 162 411 ¹
217 373 291 450 nn
317 356 663 451 scurrronraos
687 370 736 450 rr.
761 377 811 464 a.
847 345 874 388 ¹
935 391 1009 451 mx

249 594 251 604 ¹
278 597 451 690 Quaerite
471 623 492 666 a
518 599 628 689 quibus
640 595 777 688 scripto.

16 827 17 834 κ
116 782 218 859 AElius
237 781 431 878 Spartianus
451 782 496 854 V.
513 782 554 854 C.
578 779 613 851 in
639 781 709 855 vita
732 780 809 858 AElii
829 777 914 858 Veri
942 784 1015 877 ait,'

66 885 117 964 libi
135 893 168 965 in
192 892 307 966 animo
329 891 415 980 elle,
438 915 511 964 non
534 890 646 962 solum
664 895 911 986 Imperatorum
938 893 1016 990 post

67 1003 177 1075 lulium
195 1001 381 1090 caesarem,
398 1001 682 1100 quemadmodum
697 1003 800 1100 usque
816 1006 858 1078 ad
872 1006 1018 1082 Hadria·

69 1135 137 1184 num
155 1110 223 1206 jam
245 1107 464 1200 feciffetssed
486 1111 623 1184 illorum
647 1112 767 1202 etiam,
786 1114 845 1210 qui
866 1117 922 1190 vel
938 1117 1019 1189 Cae·

68 1222 163 1294 sarum
176 1223 321 1314 nomine
334 1221 493 1318 appellati
507 1222 586 1308 sint,
607 1247 669 1296 nee
681 1223 854 1320 Principes
872 1243 928 1298 aut
944 1231 1018 1300 Au·

68 1332 138 1431 gusti
156 1331 284 1405 fuerint
296 1386 308 1421 ,
327 1323 393 1404 vel
411 1331 568 1428 quolibet
590 1331 659 1404 alio
681 1359 802 1429 genere
827 1321 885 1408 aut
908 1333 943 1408 in
967 1337 1019 1410 sa·

52 1469 143 1518 ,mam
155 1496 169 1532 ,
182 1441 288 1514 autin
308 1439 399 1536 spem
418 1439 626 1537 principatus
647 1443 825 1532 venerint,
845 1444 932 1520 vitas
953 1445 1021 1518 fin·

70 1552 144 1647 gulis
167 1549 261 1623 libris
282 1572 465 1643 exponere.
478 1549 577 1640 „Huic
599 1549 775 1644 Spartiano
796 1553 838 1624 ab
859 1554 1021 1628 omnibus

70 1661 253 1732 tribuuntur
272 1663 339 1730 tritu
367 1661 534 1730 Hadriani
553 1659 591 1732 δι
612 1663 698 1733 AEtii
718 1662 791 1756 Vtri
802 1715 813 1748 ,
831 1687 915 1758 quas
933 1663 1022 1737 mifit

69 1771 104 1841 ad
124 1767 378 1841 Diocletianum
396 1765 598 1864 Augustum,
620 1766 714 1861 cujus
737 1767 768 1842 se
788 1773 853 1838 lituu
874 1786 1022 1848 ¹vocatt
1087 1787 1089 1794 ‘

70 1875 150 1946 unde
180 1873 275 1946 illum
305 1872 518 1968 Imperatoris
553 1872 749 1946 familiarem
779 1875 836 1948 vel
865 1874 1024 1950 libertum

33 1971 36 1982 ’
71 1983 229 2080 eolligunt
250 1981 315 2053 viri
337 1981 470 2055 eruditi.
491 1980 599 2054 Etiam
625 1983 728 2054 uitam
754 1987 916 2057 Antonini
941 1987 1025 2078 Pii,

72 2095 116 2170 M.
133 2093 298 2168 Antonini
317 2107 332 2140 ²
349 2081 556 2188 Philostrplzi,
572 2093 610 2166 δι
624 2093 698 2164 Veri
710 2094 884 2188 Spartiano
900 2095 1026 2169 adscri-

71 2201 148 2272 bunt
169 2200 393 2298 antiquiffima
417 2220 578 2296 excerpta
599 2201 684 2274 Bibl.
706 2202 882 2291 Palatinae‚
904 2203 1027 2298 quibus

74 2307 174 2380 stilum
198 2307 342 2384 mirifice
363 2305 531 2408 suffragari
554 2328 651 2382 norat
672 2309 863 2384 Salmasius:
881 2311 935 2381 sed
952 2311 1029 2383 vul·

75 2439 115 2510 go
127 2414 176 2487 hae
196 2415 351 2492 seruntur
370 2414 429 2488 sub
448 2417 588 2491 nomine
604 2420 687 2494 Julii
703 2416 889 2511 Capitolini.
905 2418 1029 2489 Eadem

75 2543 223 2620 excerpta
244 2522 424 2633 spartiano
447 2523 627 2600 vindicant·
644 2530 744 2596 uitam
767 2525 886 2595 Auidii
912 2521 1029 2620 Caspii,
1121 2525 1122 2528 ’

77 2657 146 2732 quae
167 2635 201 2707 in
222 2637 486 2710 editionibus&
506 2636 636 2730 scriptis
649 2633 814 2729 exemplis
833 2633 974 2707 refertur
988 2637 1031 2709 acl

15 2741 17 2752 '
78 2750 250 2817 Vulcatium
270 2757 284 2810 3
304 2747 519 2820 Gallicanum.
549 2743 612 2844 Sed
638 2741 673 2817 in
694 2744 756 2816 hac
776 2766 918 2841 quoque
939 2761 1033 2818 tanta

77 3028 80 3034 Ι
128 2970 152 3015 r.
189 2953 363 3016 Diocletiana
408 2950 527 3035 Augusta
586 2939 589 2948 ’
620 2963 644 3030 3.
664 2945 755 3032 Hujus
772 2969 884 3032 quoque
903 2948 1036 3014 virte'au.

79 3031 172 3093 AElius
186 3037 347 3118 Spartianus
364 3037 430 3116 fitns
451 3036 529 3118 saltt-
577 3032 653 3104 ilor,
672 3033 818 3116 Proposui,
835 3035 923 3114 inquit
933 3074 943 3105 ,
963 3036 1036 3096 Dia.

77 3127 132 3174 tent.
148 3115 179 3176 ln
194 3118 254 3177 vita
273 3117 337 3178 AElii
353 3117 429 3178 Veri.
470 3177 477 3188 ,
537 3137 549 3149 ⁴
578 3115 687 3176 clariana
714 3114 848 3194 Auguste,
865 3135 971 3191 onnes,
991 3110 1037 3195 pul

119 3215 144 3256 2.
163 3196 195 3258 ls.
212 3196 395 3260 casaubonus
407 3195 443 3258 T.
463 3219 532 3278 1,p.
581 3196 763 3276 Imperatorum
782 3213 872 3254 nornen
879 3198 937 3275 five
951 3197 1038 3278 juste,

15 3279 20 3292 ⁸
82 3291 152 3353 307,
171 3278 228 3359 308
252 3275 379 3354 testatur,
399 3280 472 3339 hanc
492 3282 534 3338 vi·
575 3275 898 3356 fineinjuslelruinerunt,
911 3279 1039 3336 inliterat

80 3371 136 3415 tarn
154 3359 180 3417 in
198 3360 277 3420 editis
298 3362 330 3422 &
347 3360 453 3440 seriptis
470 3359 534 3422 Co·
583 3358 699 3431 mittere,
715 3377 746 3418 ut
768 3358 856 3416 ornnes
881 3371 1041 3436 purpuratos

79 3435 182 3498 ditibus
194 3441 245 3499 ‚ita
265 3442 408 3502 confusam
429 3463 462 3502 ac
488 3441 535 3501 di·
585 3438 721 3518 Augustas
739 3437 1060 3518 toguofieresuFlaviut‘

82 3518 235 3582 versrmode
252 3523 442 3602 interpolatam
454 3524 536 3582 hab‘e-
584 3537 677 3596 tamen
686 3519 823 3599 Vopiscus
834 3537 934 3600 negat,
951 3520 1043 3578 Aure·

81 3597 123 3671 ri,
141 3618 170 3662 ut
187 3605 271 3664 etiarn
285 3606 390 3679 judicio
406 3603 455 3665 suo
471 3619 539 3678 tete·
586 3603 648 3662 liani
659 3601 834 3679 Imperatoris
851 3603 938 3659 vitam
949 3617 1044 3677 aquo·
1076 3640 1084 3657 r

81 3682 198 3742 xendam
214 3687 370 3764 putauerit,
385 3685 540 3766 separatim'-
588 3699 673 3763 quam
683 3699 746 3743 anre
760 3679 787 3742 so
796 3681 935 3742 mentoriae
950 3677 1043 3762 pretii·⁴
1200 3679 1201 3684 '

82 3763 235 3838 queiuerit
257 3766 396 3845 editurus,
408 3765 483 3850 quod
502 3784 542 3830 ra·
589 3779 658 3826 tam·

84 3858 149 3909 men
166 3847 241 3919 haud
259 3845 333 3921 lecit,
494 3845 497 3852 ’
564 3862 568 3878 ·
770 3917 808 3997 Β,
