2932 4824
235 2437 244 2466 t
299 2418 316 2440 .,
359 2357 521 2432 dissolvit.

365 333 436 424 nt
519 327 1174 406 AEcltset'nmrtt

358 512 487 568 nantes.
508 490 582 564 alia
608 489 684 580 die,
708 489 843 564 armetis
863 489 1000 586 stipatus
1019 516 1091 564 non
1111 491 1218 564 solum
1232 491 1319 566 mili·

358 604 470 692 tibus,
490 599 662 674 sedetiam
686 599 825 692 amicis,
840 600 875 673 in
896 603 1054 674 Senatum
1070 601 1177 677 venit.
1194 605 1231 674 ln
1259 627 1319 676 cu·

358 714 409 788 ria
429 711 572 786 reddidit
586 707 750 784 rationem
768 711 910 807 suscepti
930 711 1079 807 imperii,
1103 711 1319 808 causatusque

359 826 430 912 est,
451 824 545 920 quod
565 822 605 892 ad
619 820 650 900 se
664 821 888 894 occidendum
908 821 1061 896 Julianus
1080 823 1184 896 notos
1196 823 1320 896 ducum

359 934 507 1010 caedibus
520 930 662 1004 missiset.
677 931 762 1004 Fieri
775 931 872 1004 etiarn
894 933 1223 1006 senatusconsultum
1238 958 1320 1016 coe·
1435 934 1436 970 ³

359 1045 427 1142 gir,
440 1075 478 1116 ne
494 1050 600 1133 vliceret
620 1049 823 1138 Imperatori,
837 1048 1013 1138 inconsulto
1035 1053 1176 1135 Senatu,
1189 1049 1321 1120 occidere
1435 1125 1436 1132 χ

358 1161 548 1234 senatorem.
562 1153 626 1226 Sed
640 1179 717 1226 cum
732 1154 767 1225 in
782 1156 903 1234 Senatu
915 1153 1011 1240 effer,
1023 1155 1144 1228 milites
1158 1181 1218 1252 per
1232 1155 1318 1228 sedi·
1435 1243 1436 1252 ἶ

359 1263 490 1336 tionem
503 1263 589 1336 dena
603 1261 706 1334 millia
718 1261 976 1356 poposcerunta
989 1265 1113 1336 Senatu
1127 1317 1137 1352 ,
1158 1265 1318 1360 exemplo
1435 1281 1436 1356 l

358 1373 501 1462 eorum,
515 1397 573 1467 qut
563 1370 781 1468 Augustum
802 1373 987 1446 Odavium
1007 1373 1153 1446 Romam
1168 1373 1318 1448 deduxe-

359 1498 671 1602 rant,tantumque
691 1498 902 1573 acceperant.
923 1485 1062 1554 Etcum
1082 1483 1318 1556 eosvoluillet
1385 1492 1389 1502 “

359 1568 583 1688 comprimere
597 1591 758 1678 Severus,
770 1614 831 1662 nec
850 1589 1030 1684 potuisset3
1052 1609 1163 1662 tamen
1185 1592 1319 1689 mitiga·

359 1718 434 1787 tos,
452 1697 562 1770 addita
585 1697 804 1786 liberalitate,
820 1697 952 1770 dimisit.
969 1702 1082 1772 Funus
1103 1699 1222 1772 demde
1235 1725 1320 1774 cen·
1435 1749 1436 1764 ι

358 1810 485 1884 sotium
505 1807 712 1882 Pertinacis
704 1808 840 1904 tmagim
830 1809 971 1897 duxit,
986 1834 1131 1906 eumque
1148 1811 1235 1883 inter
1248 1811 1319 1884 Di.
1435 1867 1436 1872 ι

358 1945 427 1996 vos
441 1919 601 2005 sacravit,
625 1919 742 1992 addito
756 1918 915 2009 flamine,
936 1918 1157 1992 &sodalibus
1176 1921 1320 1994 Helvia·
1435 1968 1436 1976 ι

359 2032 432 2118 nis,
460 2030 518 2153 qui
544 2029 708 2104 Marciani
734 2029 874 2104 suerent.
903 2029 935 2102 se
961 2053 1099 2128 quoque
1124 2034 1318 2105 Pertinacem
1435 2061 1436 2138 q

358 2166 480 2216 uocart
470 2140 600 2235 jullit:
614 2141 767 2264 quamvis
778 2139 895 2264 postea
912 2139 946 2212 id
961 2165 1088 2238 nomen
1107 2141 1236 2214 aboleri
1249 2167 1317 2216 vo·
1435 2219 1436 2226 χ

356 2249 480 2337 luerit,
500 2249 712 2346 querimonia
732 2223 930 2325 amicorum.
950 2227 1091 2323 Dehinc
1112 2273 1156 2320 aes
1171 2249 1317 2324 alienum
1359 2323 1366 2343 ¹

407 2472 497 2540 Vlll.
512 2467 610 2560 Filias
632 2467 702 2540 suas
722 2468 872 2557 dotatas,
886 2466 1014 2543 meritis
1029 2465 1143 2540 Probo
1164 2469 1201 2541 δι
1214 2468 1317 2542 Aetio

357 2577 458 2650 dedit.
474 2579 516 2650 Et
539 2603 615 2650 cum
634 2579 749 2650 Probo
769 2601 896 2676 genero
914 2575 974 2648 suo
996 2574 1224 2672 praesedutarn
1245 2580 1316 2649 Ut·

357 2687 408 2760 bis
437 2687 628 2772 obtulisset,
649 2687 705 2758 ille
731 2688 919 2777 recusavit,
941 2686 1113 2783 dixitque,
1135 2689 1316 2789 minusfibi

356 2799 454 2868 rideri
466 2793 644 2884 Professum
658 2794 722 2893 effe,
737 2824 829 2891 quarn
844 2799 1001 2889 Principis
1013 2824 1164 2890 gersonem.
1175 2799 1315 2868 Utrum·

355 2929 422 3000 que
443 2923 553 2976 autem
577 2927 738 3000 generum
756 2903 852 2980 suum
878 2905 985 2978 statim
1003 2907 1183 3006 Consulem
1207 2905 1314 2994 fecit,

355 3037 537 3109 utrumque
564 3013 697 3086 ditavit.
722 3013 803 3089 Alia.
817 3014 871 3087 die
890 3017 932 3086 ad
955 3017 1113 3090 Senatum
1141 3015 1256 3106 verrit,
1270 3021 1315 3091 ,δι
1435 3089 1436 3100 ,

355 3124 486 3198 amicos
503 3124 641 3213 Juliani,
658 3125 843 3214 incusatos,
859 3125 1155 3241 proscriptioniac
1169 3127 1243 3199 neci
1256 3128 1313 3200 dee

354 3233 416 3306 dit.
435 3233 558 3306 Causas
580 3235 739 3330 plurimas
764 3235 905 3308 audivit
929 3227 1152 3309 Accitsatosa
1167 3235 1314 3360 provin-

353 3341 495 3415 cialibus
514 3341 666 3433 judices.
686 3344 836 3438 probatis
860 3345 1140 3465 rebus,qtaviter
1166 3345 1313 3438 punivit.

352 3453 417 3524 Rei
446 3451 695 3541 frumentariae,
719 3478 819 3548 quam
852 3477 1025 3524 minimam
1049 3474 1240 3547 repererat,
1267 3452 1314 3524 ita

250 3597 252 3601 ’
351 3561 543 3648 consuluit,
558 3578 616 3651 ut,
630 3562 793 3632 excedens
809 3559 876 3654 rps
858 3560 1126 3664 vtta,septem
1142 3587 1313 3636 armorum

316 3665 318 3680 ¹
352 3697 517 3751 canonem
539 3675 671 3770 populo
695 3677 853 3746 Romano
875 3673 1091 3773 relinqueret.
1114 3675 1167 3746 Ad
1184 3673 1313 3746 Orien-

284 3853 285 3856 ,
351 3780 394 3864 tis
411 3783 528 3860 statum
551 3781 820 3864 confirmandum
836 3783 1005 3883 profeous
1022 3783 1087 3880 ett,
1105 3783 1191 3859 nihil
1204 3784 1312 3859 adbuc

566 3915 573 3930 ’
637 3920 641 3950 l
