2856 4824
610 267 616 274 .
865 239 920 287 sw
1003 257 1006 262 .

133 363 135 368 ⁴
239 329 616 436 xuuxtnuau
650 359 933 436 suvanos.
1001 359 1075 460 ιθ,

118 539 268 620 peteret,
280 522 322 594 ab
347 521 409 594 illo
430 537 539 594 autem
556 521 692 595 occulte
711 520 802 618 quafi
815 518 1002 618 presidium
1018 545 1082 616 po·
1198 521 1202 534 '

120 631 274 720 slularet,
302 648 338 702 ut
366 654 430 727 pro
450 654 494 704 eo
516 629 711 703 Alexandro
735 630 863 703 secreto
885 628 1084 727 suggereret.
1110 635 1112 640 '

120 741 230 833 Quod
244 765 321 813 cum
336 737 457 814 faslurn
475 737 571 827 esset,
585 738 783 819 &Turinus
796 735 986 835 suffragium
1004 761 1084 833 pro·

120 849 276 938 mistffet,
288 849 505 946 dixissetque,
519 848 551 922 se
568 848 719 945 quaedam
736 849 936 944 Imperatori
946 847 1084 938 dixisle,

122 985 201 1034 cum
229 959 315 1034 nihil
338 959 486 1048 dixisset,
512 959 566 1055 (ed
590 960 626 1032 in
652 984 695 1032 eo
717 963 892 1057 pendere„
908 962 947 1033 ut
973 959 1085 1034 adhuc

121 1068 337 1163 impetraret,
355 1087 515 1141 eventum
536 1069 703 1143 vendenst
724 1094 867 1167 cumque
881 1069 1001 1142 iterum
1019 1067 1086 1162 jus·

122 1174 208 1248 sisset
219 1177 408 1250 Alexander
418 1178 690 1273 interpellari‚&
703 1180 872 1272 Turinus,
889 1180 979 1278 quasa
994 1179 1086 1252 aliud

124 1313 238 1385 agens,
248 1289 384 1362 nutibus
397 1288 574 1379 annuislet,
589 1315 698 1388 neque
712 1309 822 1364 tamen
835 1291 970 1364 interim
984 1292 1087 1387 quid·
1211 1345 1213 1353 s

124 1421 225 1493 quam
244 1397 394 1485 dixislet,
416 1398 628 1493 impetratum
646 1418 757 1473 autern
781 1399 883 1489 esset,
907 1401 1001 1498 quod
1024 1424 1086 1496 pe-

123 1506 278 1596 tebatur,
297 1506 512 1604 Turinusque
538 1507 581 1596 ab
606 1507 689 1598 illo,
708 1510 767 1606 qui
793 1527 979 1598 meruerat,
1001 1507 1087 1582 sumi

114 1610 297 1699 venditor,
310 1613 457 1710 ingentia
473 1615 611 1710 praemia
621 1613 835 1712 percepissem
848 1615 995 1691 accusari
1009 1639 1088 1690 euru

124 1722 316 1796 Alexander
334 1723 451 1817 juffit,
465 1725 677 1824 probansque
703 1751 763 1823 per
787 1727 883 1800 telles
907 1726 1088 1816 omnibus,

123 1831 311 1928 &quibus
336 1831 553 1928 pratentibus
576 1834 658 1930 quid
683 1833 878 1932 accepisset,
902 1836 939 1907 δι
967 1834 1089 1930 quibus
1146 1893 1148 1898 ,

115 1938 338 2014 ,audientibus
374 1942 456 2039 quid
487 1943 686 2040 promisisset
697 1961 713 2033 ',
737 1944 774 2017 in
801 1941 882 2016 soro
898 1943 1090 2016 Transito·

124 2048 179 2122 rio
199 2052 240 2122 ad
260 2049 401 2146 stipitem
421 2051 516 2122 illurn
533 2052 629 2148 ligati
652 2051 834 2146 precepit,
853 2053 891 2124 δι
914 2049 1011 2122 sunto
1028 2077 1090 2147 ap·

126 2157 374 2255 posito,quent
397 2181 441 2229 ex
462 2157 591 2254 slipulis
612 2177 711 2253 atque
730 2151 875 2230 huinidis
897 2158 995 2254 lignis
1016 2155 1089 2232 sieri
1158 2223 1161 2230 .
1223 2173 1229 2180 '

125 2265 282 2362 juslerat,
299 2267 454 2355 necavit,
473 2291 632 2364 praecone
654 2267 807 2357 dicente,
819 2273 919 2341 Fumo
935 2271 1089 2363 punitur,
1182 2269 1186 2279 '

126 2378 183 2474 qui
205 2380 341 2450 vendidit
356 2378 497 2468 firmum.
522 2382 573 2452 Ac
594 2403 637 2452 ne
661 2403 730 2452 una
754 2397 889 2451 tantum
912 2379 1007 2450 causa
1034 2378 1091 2450 vi-

117 2485 261 2557 deretur
275 2485 445 2560 crudelior
457 2487 564 2578 suisle,
580 2487 733 2584 quaesrvit
751 2486 1012 2584 diligentiffime,
1028 2509 1091 2556 an*-

125 2615 263 2692 tequam
284 2620 361 2671 eum
374 2600 564 2672 damnareta
577 2602 614 2674 δι
639 2599 795 2688 invenit,
813 2597 982 2672 Turinum
1005 2595 1092 2694 saepe

124 2706 167 2777 &
184 2706 220 2777 in
240 2707 346 2780 oausrs
363 2705 408 2780 ab
424 2727 564 2804 utraque
581 2726 675 2804 parte
695 2705 872 2803 accepisse,
889 2731 964 2779 curn
986 2729 1092 2778 even-

125 2832 181 2886 tus
200 2814 386 2905 venderet,
408 2816 447 2890 δι
467 2816 509 2889 ab
532 2816 790 2917 omnibus,qui
809 2835 865 2888 aut
886 2811 1092 2914 praepositu-

125 2947 202 3012 ras,
219 2943 275 2996 aut
290 2926 488 3018 provincias
503 2945 711 3023 acceperant.
740 3014 746 3024 ¹

188 3035 368 3109 XXXVll.
391 3035 584 3130 Spellacula
613 3021 841 3133 frequentavit
862 3059 938 3108 curn
966 3032 1113 3108 summa*
1138 3107 1141 3120 ,

131 3141 284 3236 donandi
303 3141 527 3238 parsimonia,
544 3143 679 3235 dicens,
692 3146 733 3218 δι-
755 3161 956 3231 venatores,
969 3146 1007 3216 δι
1026 3142 1093 3218 sce·
1191 3153 1194 3162 “

127 3255 296 3344 nicos,&
317 3254 445 3353 aurigas
464 3254 509 3332 stc
523 3255 680 3346 alendos,
697 3254 789 3352 quast
806 3255 923 3328 servos
936 3252 1092 3342 noslros,

118 3385 185 3441 unt
199 3383 402 3458 venatores,
413 3385 469 3442 aut
483 3367 673 3457 muliones,
685 3366 976 3464 autvoluptarios.
992 3367 1094 3440 Con·

119 3469 263 3550 ‘vivium
286 3499 397 3578 neque
417 3475 591 3573 opimum,
608 3502 719 3578 neque
740 3465 1018 3574 nimisparcum,
1038 3475 1096 3549 sed
1146 3485 1151 3490 “

127 3585 251 3658 nitoris
265 3583 385 3660 summi
399 3585 481 3660 suit:
492 3586 538 3658 ita
547 3605 671 3675 tamen,
682 3604 718 3657 ut
730 3608 813 3681 pura
821 3582 969 3656 mantilia
982 3584 1094 3656 mitte·

127 3716 264 3780 rentur,
276 3692 393 3791 sapius
405 3717 515 3770 cocco
527 3697 669 3786 clavata,
679 3713 789 3768 aurata
804 3717 891 3768 vero
903 3713 1094 3790 nunquam

128 3824 208 3881 'cum
234 3803 306 3884 haec
335 3803 574 3907 Heliogabalus
600 3803 668 3900 jant
696 3801 890 3904 recepisset,
913 3803 955 3878 ’δι
986 3820 1095 3894 ante,

377 3965 416 4070 b
