<?xml version="1.0" encoding="UTF-8"?>
<!DOCTYPE html PUBLIC "-//W3C//DTD XHTML 1.0 Transitional//EN"
    "http://www.w3.org/TR/xhtml1/DTD/xhtml1-transitional.dtd">
<html xmlns="http://www.w3.org/1999/xhtml" xml:lang="en" lang="en">
 <head>
  <title>
</title>
<meta http-equiv="Content-Type" content="text/html;charset=utf-8" />
  <meta name='ocr-system' content='tesseract 3.04.00' />
  <meta name='ocr-capabilities' content='ocr_page ocr_carea ocr_par ocr_line ocrx_word'/>
</head>
<body>
  <div class='ocr_page' id='page_1' title='image "./historiaugustsc00bipogoog_0343.png"; bbox 0 0 2856 4824; ppageno 0'>
   <div class='ocr_carea' id='block_1_1' title="bbox 192 321 1042 430">
    <p class='ocr_par' dir='ltr' id='par_1_1' title="bbox 192 321 1042 430">
     <span class='ocr_line' id='line_1_1' title="bbox 192 321 1042 430; baseline 0.006 -27"><span class='ocrx_word' id='word_1_1' title='bbox 192 321 583 404; x_wconf 74' lang='lat' dir='ltr'>‘nuexnuneu</span> <span class='ocrx_word' id='word_1_2' title='bbox 620 329 921 428; x_wconf 67' lang='lat' dir='ltr'>ruvereus¹</span> <span class='ocrx_word' id='word_1_3' title='bbox 971 349 1042 430; x_wconf 81' lang='lat'><em>301&#39;</em></span> 
     </span>
    </p>
   </div>
   <div class='ocr_carea' id='block_1_2' title="bbox 46 493 1044 600">
    <p class='ocr_par' dir='ltr' id='par_1_2' title="bbox 46 493 1044 600">
     <span class='ocr_line' id='line_1_2' title="bbox 46 493 1044 600; baseline 0.005 -34"><span class='ocrx_word' id='word_1_4' title='bbox 46 579 50 586; x_wconf 26' lang='grc' dir='ltr'>Ι</span> <span class='ocrx_word' id='word_1_5' title='bbox 81 494 174 594; x_wconf 80' lang='lat' dir='ltr'>gille.</span> <span class='ocrx_word' id='word_1_6' title='bbox 195 495 289 591; x_wconf 90' lang='lat' dir='ltr'>quod</span> <span class='ocrx_word' id='word_1_7' title='bbox 306 512 426 568; x_wconf 88' lang='lat' dir='ltr'>contra</span> <span class='ocrx_word' id='word_1_8' title='bbox 447 493 630 600; x_wconf 78' lang='lat' dir='ltr'>multorum</span> <span class='ocrx_word' id='word_1_9' title='bbox 651 493 850 590; x_wconf 84' lang='lat' dir='ltr'>opinionem</span> <span class='ocrx_word' id='word_1_10' title='bbox 872 494 954 586; x_wconf 92' lang='lat' dir='ltr'>dici,</span> <span class='ocrx_word' id='word_1_11' title='bbox 971 521 1044 571; x_wconf 88' lang='lat' dir='ltr'>non</span> 
     </span>
    </p>
   </div>
   <div class='ocr_carea' id='block_1_3' title="bbox 83 585 1173 701">
    <p class='ocr_par' dir='ltr' id='par_1_3' title="bbox 83 585 1173 701">
     <span class='ocr_line' id='line_1_3' title="bbox 83 585 1173 701; baseline 0 -24"><span class='ocrx_word' id='word_1_12' title='bbox 83 605 227 678; x_wconf 89' lang='lat' dir='ltr'>dubium</span> <span class='ocrx_word' id='word_1_13' title='bbox 244 603 292 678; x_wconf 82' lang='lat' dir='ltr'>est</span> <span class='ocrx_word' id='word_1_14' title='bbox 310 603 372 695; x_wconf 89' lang='lat' dir='ltr'>iis,</span> <span class='ocrx_word' id='word_1_15' title='bbox 389 602 447 700; x_wconf 92' lang='lat' dir='ltr'>qui</span> <span class='ocrx_word' id='word_1_16' title='bbox 466 601 630 700; x_wconf 87' lang='lat' dir='ltr'>plurimos</span> <span class='ocrx_word' id='word_1_17' title='bbox 643 602 795 701; x_wconf 86' lang='lat' dir='ltr'>legerint.</span> <span class='ocrx_word' id='word_1_18' title='bbox 812 629 889 677; x_wconf 89' lang='lat' dir='ltr'>nam</span> <span class='ocrx_word' id='word_1_19' title='bbox 903 605 941 679; x_wconf 80' lang='grc' dir='ltr'>δι</span> <span class='ocrx_word' id='word_1_20' title='bbox 961 585 1057 678; x_wconf 53' lang='grc' dir='ltr'>ειιηὶ-ι</span> <span class='ocrx_word' id='word_1_21' title='bbox 1168 682 1173 687; x_wconf 69' lang='grc'><strong>,</strong></span> 
     </span>
    </p>
   </div>
   <div class='ocr_carea' id='block_1_4' title="bbox 17 712 1079 1576">
    <p class='ocr_par' dir='ltr' id='par_1_4' title="bbox 17 712 1079 812">
     <span class='ocr_line' id='line_1_4' title="bbox 17 712 1079 812; baseline -0.001 -24"><span class='ocrx_word' id='word_1_22' title='bbox 17 795 20 810; x_wconf 39' lang='grc'><strong>,</strong></span> <span class='ocrx_word' id='word_1_23' title='bbox 83 715 157 790; x_wconf 68' lang='lat' dir='ltr'>stlte</span> <span class='ocrx_word' id='word_1_24' title='bbox 175 716 271 789; x_wconf 91' lang='lat' dir='ltr'>illum</span> <span class='ocrx_word' id='word_1_25' title='bbox 285 716 471 790; x_wconf 77' lang='lat' dir='ltr'>exercitum</span> <span class='ocrx_word' id='word_1_26' title='bbox 485 715 601 789; x_wconf 85' lang='lat' dir='ltr'>dicunt</span> <span class='ocrx_word' id='word_1_27' title='bbox 614 712 721 803; x_wconf 83' lang='lat' dir='ltr'>fame,</span> <span class='ocrx_word' id='word_1_28' title='bbox 738 713 885 812; x_wconf 81' lang='lat' dir='ltr'>frigore,</span> <span class='ocrx_word' id='word_1_29' title='bbox 901 741 939 789; x_wconf 91' lang='lat' dir='ltr'>ac</span> <span class='ocrx_word' id='word_1_30' title='bbox 952 736 1056 804; x_wconf 56' lang='lat' dir='ltr'>mor-1</span> <span class='ocrx_word' id='word_1_31' title='bbox 1076 749 1079 756; x_wconf 95' lang='lat'>·</span> 
     </span>
    </p>

    <p class='ocr_par' dir='ltr' id='par_1_5' title="bbox 22 824 1073 1576">
     <span class='ocr_line' id='line_1_5' title="bbox 48 824 1046 922; baseline 0 -24"><span class='ocrx_word' id='word_1_32' title='bbox 48 849 51 854; x_wconf 90' lang='lat'>·</span> <span class='ocrx_word' id='word_1_33' title='bbox 85 828 154 916; x_wconf 91' lang='lat' dir='ltr'>bo,</span> <span class='ocrx_word' id='word_1_34' title='bbox 170 846 207 900; x_wconf 94' lang='lat' dir='ltr'>ut</span> <span class='ocrx_word' id='word_1_35' title='bbox 218 827 432 898; x_wconf 87' lang='lat' dir='ltr'>Herodianus</span> <span class='ocrx_word' id='word_1_36' title='bbox 446 827 561 899; x_wconf 70' lang='lat' dir='ltr'>audior</span> <span class='ocrx_word' id='word_1_37' title='bbox 579 824 626 897; x_wconf 87' lang='lat' dir='ltr'>est</span> <span class='ocrx_word' id='word_1_38' title='bbox 638 843 757 898; x_wconf 86' lang='lat' dir='ltr'>contra</span> <span class='ocrx_word' id='word_1_39' title='bbox 771 825 956 898; x_wconf 87' lang='lat' dir='ltr'>multorum</span> <span class='ocrx_word' id='word_1_40' title='bbox 969 826 1046 922; x_wconf 91' lang='lat' dir='ltr'>opi·</span> 
     </span>
     <span class='ocr_line' id='line_1_6' title="bbox 86 933 1046 1033; baseline 0 -25"><span class='ocrx_word' id='word_1_41' title='bbox 86 937 240 1010; x_wconf 89' lang='lat' dir='ltr'>nionem.</span> <span class='ocrx_word' id='word_1_42' title='bbox 258 935 337 1010; x_wconf 78' lang='lat' dir='ltr'>Post</span> <span class='ocrx_word' id='word_1_43' title='bbox 354 937 513 1009; x_wconf 88' lang='lat' dir='ltr'>boccum</span> <span class='ocrx_word' id='word_1_44' title='bbox 531 934 658 1032; x_wconf 84' lang='lat' dir='ltr'>ingenti</span> <span class='ocrx_word' id='word_1_45' title='bbox 674 933 802 1033; x_wconf 85' lang='lat' dir='ltr'>gloria,</span> <span class='ocrx_word' id='word_1_46' title='bbox 818 936 856 1010; x_wconf 80' lang='grc' dir='ltr'>δι</span> <span class='ocrx_word' id='word_1_47' title='bbox 875 936 1046 1010; x_wconf 88' lang='lat' dir='ltr'>comitan-</span> 
     </span>
     <span class='ocr_line' id='line_1_7' title="bbox 85 1041 1073 1144; baseline 0 -27"><span class='ocrx_word' id='word_1_48' title='bbox 85 1063 122 1118; x_wconf 88' lang='lat' dir='ltr'>te</span> <span class='ocrx_word' id='word_1_49' title='bbox 145 1048 290 1136; x_wconf 81' lang='lat' dir='ltr'>Senatu,</span> <span class='ocrx_word' id='word_1_50' title='bbox 308 1044 450 1144; x_wconf 83' lang='lat' dir='ltr'>equestri</span> <span class='ocrx_word' id='word_1_51' title='bbox 476 1046 620 1135; x_wconf 88' lang='lat' dir='ltr'>ordine,</span> <span class='ocrx_word' id='word_1_52' title='bbox 646 1065 748 1142; x_wconf 90' lang='lat' dir='ltr'>atque</span> <span class='ocrx_word' id='word_1_53' title='bbox 772 1041 868 1118; x_wconf 86' lang='lat' dir='ltr'>omni</span> <span class='ocrx_word' id='word_1_54' title='bbox 890 1046 1045 1142; x_wconf 86' lang='lat' dir='ltr'>populo,</span> <span class='ocrx_word' id='word_1_55' title='bbox 1070 1077 1073 1082; x_wconf 93' lang='lat'>·</span> 
     </span>
     <span class='ocr_line' id='line_1_8' title="bbox 87 1153 1046 1256; baseline 0.002 -30"><span class='ocrx_word' id='word_1_56' title='bbox 87 1154 363 1256; x_wconf 73' lang='lat' dir='ltr'>circumfusisque</span> <span class='ocrx_word' id='word_1_57' title='bbox 387 1153 536 1251; x_wconf 90' lang='lat' dir='ltr'>undique</span> <span class='ocrx_word' id='word_1_58' title='bbox 560 1154 756 1228; x_wconf 88' lang='lat' dir='ltr'>mulieribus</span> <span class='ocrx_word' id='word_1_59' title='bbox 784 1157 820 1227; x_wconf 82' lang='grc' dir='ltr'>δι</span> <span class='ocrx_word' id='word_1_60' title='bbox 843 1153 1046 1247; x_wconf 88' lang='lat' dir='ltr'>infantibus,</span> 
     </span>
     <span class='ocr_line' id='line_1_9' title="bbox 87 1253 1048 1361; baseline 0.005 -29"><span class='ocrx_word' id='word_1_61' title='bbox 87 1260 236 1342; x_wconf 70' lang='lat' dir='ltr'>maxime</span> <span class='ocrx_word' id='word_1_62' title='bbox 255 1262 400 1335; x_wconf 92' lang='lat' dir='ltr'>militum</span> <span class='ocrx_word' id='word_1_63' title='bbox 421 1261 645 1359; x_wconf 83' lang='lat' dir='ltr'>conjugibus,</span> <span class='ocrx_word' id='word_1_64' title='bbox 663 1263 764 1361; x_wconf 86' lang='lat' dir='ltr'>pedes</span> <span class='ocrx_word' id='word_1_65' title='bbox 782 1262 942 1336; x_wconf 87' lang='lat' dir='ltr'>Palatium</span> <span class='ocrx_word' id='word_1_66' title='bbox 962 1253 1048 1337; x_wconf 69' lang='lat' dir='ltr'>con&#39;·</span> 
     </span>
     <span class='ocr_line' id='line_1_10' title="bbox 87 1367 1048 1470; baseline 0.007 -30"><span class='ocrx_word' id='word_1_67' title='bbox 87 1367 246 1462; x_wconf 88' lang='lat' dir='ltr'>scendir,</span> <span class='ocrx_word' id='word_1_68' title='bbox 279 1396 356 1445; x_wconf 91' lang='lat' dir='ltr'>cum</span> <span class='ocrx_word' id='word_1_69' title='bbox 395 1389 487 1444; x_wconf 88' lang='lat' dir='ltr'>retro</span> <span class='ocrx_word' id='word_1_70' title='bbox 524 1396 639 1447; x_wconf 88' lang='lat' dir='ltr'>currus</span> <span class='ocrx_word' id='word_1_71' title='bbox 673 1371 883 1469; x_wconf 86' lang='lat' dir='ltr'>triumphalis</span> <span class='ocrx_word' id='word_1_72' title='bbox 915 1397 933 1446; x_wconf 90' lang='lat' dir='ltr'>a</span> <span class='ocrx_word' id='word_1_73' title='bbox 962 1378 1048 1470; x_wconf 87' lang='lat' dir='ltr'>qua·</span> 
     </span>
     <span class='ocr_line' id='line_1_11' title="bbox 22 1475 1048 1576; baseline 0.008 -28"><span class='ocrx_word' id='word_1_74' title='bbox 22 1571 25 1576; x_wconf 67' lang='lat'>,</span> <span class='ocrx_word' id='word_1_75' title='bbox 88 1496 170 1570; x_wconf 85' lang='lat' dir='ltr'>tuor</span> <span class='ocrx_word' id='word_1_76' title='bbox 186 1479 372 1575; x_wconf 87' lang='lat' dir='ltr'>elephantis</span> <span class='ocrx_word' id='word_1_77' title='bbox 389 1480 585 1555; x_wconf 83' lang='lat' dir='ltr'>traheretur.</span> <span class='ocrx_word' id='word_1_78' title='bbox 604 1475 795 1554; x_wconf 71' lang='lat' dir='ltr'>Lebabatur</span> <span class='ocrx_word' id='word_1_79' title='bbox 809 1477 963 1570; x_wconf 87' lang='lat' dir='ltr'>manibus</span> <span class='ocrx_word' id='word_1_80' title='bbox 981 1483 1048 1556; x_wconf 92' lang='lat' dir='ltr'>ho·</span> 
     </span>
    </p>
   </div>
   <div class='ocr_carea' id='block_1_5' title="bbox 89 1584 1219 1797">
    <p class='ocr_par' dir='ltr' id='par_1_6' title="bbox 89 1584 1219 1797">
     <span class='ocr_line' id='line_1_12' title="bbox 89 1584 1174 1688; baseline 0.006 -30"><span class='ocrx_word' id='word_1_81' title='bbox 89 1584 220 1660; x_wconf 86' lang='lat' dir='ltr'>minum</span> <span class='ocrx_word' id='word_1_82' title='bbox 243 1589 455 1677; x_wconf 71' lang='lat' dir='ltr'>Alexander,</span> <span class='ocrx_word' id='word_1_83' title='bbox 478 1591 604 1688; x_wconf 86' lang='lat' dir='ltr'>vixque</span> <span class='ocrx_word' id='word_1_84' title='bbox 624 1589 674 1663; x_wconf 92' lang='lat' dir='ltr'>illi</span> <span class='ocrx_word' id='word_1_85' title='bbox 695 1614 755 1686; x_wconf 86' lang='lat' dir='ltr'>per</span> <span class='ocrx_word' id='word_1_86' title='bbox 774 1590 876 1661; x_wconf 85' lang='lat' dir='ltr'>boras</span> <span class='ocrx_word' id='word_1_87' title='bbox 895 1609 1049 1687; x_wconf 88' lang='lat' dir='ltr'>quatuor</span> <span class='ocrx_word' id='word_1_88' title='bbox 1114 1640 1115 1646; x_wconf 22' lang='grc' dir='ltr'><strong><em>κ</em></strong></span> <span class='ocrx_word' id='word_1_89' title='bbox 1172 1589 1174 1594; x_wconf 78' lang='grc'><strong>’</strong></span> 
     </span>
     <span class='ocr_line' id='line_1_13' title="bbox 89 1696 1219 1797; baseline 0.001 -28"><span class='ocrx_word' id='word_1_90' title='bbox 89 1698 261 1770; x_wconf 89' lang='lat' dir='ltr'>ambulare</span> <span class='ocrx_word' id='word_1_91' title='bbox 275 1701 545 1794; x_wconf 67' lang='lat' dir='ltr'>permiffumest,</span> <span class='ocrx_word' id='word_1_92' title='bbox 557 1701 705 1797; x_wconf 91' lang='lat' dir='ltr'>undique</span> <span class='ocrx_word' id='word_1_93' title='bbox 724 1696 882 1772; x_wconf 86' lang='lat' dir='ltr'>omuibus</span> <span class='ocrx_word' id='word_1_94' title='bbox 901 1700 1050 1773; x_wconf 87' lang='lat' dir='ltr'>claman-</span> <span class='ocrx_word' id='word_1_95' title='bbox 1159 1724 1161 1728; x_wconf 90' lang='lat'>·</span> <span class='ocrx_word' id='word_1_96' title='bbox 1211 1700 1219 1710; x_wconf 74' lang='grc'><strong>”</strong></span> 
     </span>
    </p>
   </div>
   <div class='ocr_carea' id='block_1_6' title="bbox 13 1808 1051 2236">
    <p class='ocr_par' dir='ltr' id='par_1_7' title="bbox 13 1808 1051 2236">
     <span class='ocr_line' id='line_1_14' title="bbox 13 1808 1051 1913; baseline 0.005 -35"><span class='ocrx_word' id='word_1_97' title='bbox 13 1893 16 1908; x_wconf 39' lang='grc' dir='ltr'>Ι</span> <span class='ocrx_word' id='word_1_98' title='bbox 89 1808 203 1898; x_wconf 73' lang='lat' dir='ltr'>tibuS,</span> <span class='ocrx_word' id='word_1_99' title='bbox 224 1816 325 1884; x_wconf 77' lang='lat' dir='ltr'>Salva</span> <span class='ocrx_word' id='word_1_100' title='bbox 346 1817 559 1908; x_wconf 83' lang='lat' dir='ltr'>Roma‚.quia</span> <span class='ocrx_word' id='word_1_101' title='bbox 570 1813 683 1906; x_wconf 77' lang='lat' dir='ltr'>fialuus</span> <span class='ocrx_word' id='word_1_102' title='bbox 702 1812 742 1913; x_wconf 79' lang='lat' dir='ltr'>est</span> <span class='ocrx_word' id='word_1_103' title='bbox 759 1814 952 1884; x_wconf 76' lang='lat' dir='ltr'>Alexander.</span> <span class='ocrx_word' id='word_1_104' title='bbox 973 1810 1051 1886; x_wconf 81' lang='lat' dir='ltr'>Alia</span> 
     </span>
     <span class='ocr_line' id='line_1_15' title="bbox 90 1919 1050 2014; baseline 0.004 -24"><span class='ocrx_word' id='word_1_105' title='bbox 90 1919 148 1992; x_wconf 89' lang='lat' dir='ltr'>die</span> <span class='ocrx_word' id='word_1_106' title='bbox 162 1919 241 1994; x_wconf 74' lang='lat' dir='ltr'>aslis</span> <span class='ocrx_word' id='word_1_107' title='bbox 257 1922 490 2014; x_wconf 76' lang='lat' dir='ltr'>Circensibus,</span> <span class='ocrx_word' id='word_1_108' title='bbox 511 1923 645 2001; x_wconf 85' lang='lat' dir='ltr'>&amp;item</span> <span class='ocrx_word' id='word_1_109' title='bbox 665 1923 752 1998; x_wconf 88' lang='lat' dir='ltr'>ludis</span> <span class='ocrx_word' id='word_1_110' title='bbox 773 1921 929 2013; x_wconf 83' lang='lat' dir='ltr'>scenicis,</span> <span class='ocrx_word' id='word_1_111' title='bbox 953 1921 1050 1994; x_wconf 91' lang='lat' dir='ltr'>dein·</span> 
     </span>
     <span class='ocr_line' id='line_1_16' title="bbox 35 2032 1051 2129; baseline 0.003 -26"><span class='ocrx_word' id='word_1_112' title='bbox 35 2112 36 2118; x_wconf 7' lang='grc' dir='ltr'>ἵ</span> <span class='ocrx_word' id='word_1_113' title='bbox 91 2053 172 2126; x_wconf 81' lang='lat' dir='ltr'>ceps</span> <span class='ocrx_word' id='word_1_114' title='bbox 189 2034 406 2128; x_wconf 76' lang='lat' dir='ltr'>congiarium</span> <span class='ocrx_word' id='word_1_115' title='bbox 433 2035 566 2129; x_wconf 86' lang='lat' dir='ltr'>populo</span> <span class='ocrx_word' id='word_1_116' title='bbox 591 2037 752 2105; x_wconf 89' lang='lat' dir='ltr'>Romano</span> <span class='ocrx_word' id='word_1_117' title='bbox 786 2034 888 2118; x_wconf 84' lang='lat' dir='ltr'>dedit.</span> <span class='ocrx_word' id='word_1_118' title='bbox 922 2032 1051 2106; x_wconf 71' lang='lat' dir='ltr'>Puellae</span> 
     </span>
     <span class='ocr_line' id='line_1_17' title="bbox 91 2134 1050 2236; baseline 0.004 -23"><span class='ocrx_word' id='word_1_119' title='bbox 91 2143 130 2213; x_wconf 89' lang='lat'><strong>&amp;</strong></span> <span class='ocrx_word' id='word_1_120' title='bbox 148 2165 294 2236; x_wconf 85' lang='lat' dir='ltr'>pueros,</span> <span class='ocrx_word' id='word_1_121' title='bbox 314 2134 595 2236; x_wconf 88' lang='lat' dir='ltr'>quemadmodum</span> <span class='ocrx_word' id='word_1_122' title='bbox 608 2140 804 2213; x_wconf 85' lang='lat' dir='ltr'>Antoninus</span> <span class='ocrx_word' id='word_1_123' title='bbox 824 2141 1050 2217; x_wconf 78' lang='lat' dir='ltr'>Fauillinianas</span> 
     </span>
    </p>
   </div>
   <div class='ocr_carea' id='block_1_7' title="bbox 56 2243 1054 2434">
    <p class='ocr_par' dir='ltr' id='par_1_8' title="bbox 56 2243 1054 2434">
     <span class='ocr_line' id='line_1_18' title="bbox 91 2243 1028 2342; baseline 0.006 -20"><span class='ocrx_word' id='word_1_124' title='bbox 91 2243 299 2342; x_wconf 83' lang='lat' dir='ltr'>instituerat,</span> <span class='ocrx_word' id='word_1_125' title='bbox 313 2255 551 2340; x_wconf 77' lang='lat' dir='ltr'>Mammaeanas</span> <span class='ocrx_word' id='word_1_126' title='bbox 567 2253 605 2324; x_wconf 77' lang='grc' dir='ltr'>δι</span> <span class='ocrx_word' id='word_1_127' title='bbox 620 2255 863 2325; x_wconf 82' lang='lat' dir='ltr'>Ma&#39;mmaeanos</span> <span class='ocrx_word' id='word_1_128' title='bbox 876 2252 1028 2328; x_wconf 85' lang='lat' dir='ltr'>inslituit.</span> 
     </span>
     <span class='ocr_line' id='line_1_19' title="bbox 56 2358 1054 2434; baseline 0 0"><span class='ocrx_word' id='word_1_129' title='bbox 56 2405 58 2410; x_wconf 95' lang='lat'>·</span> <span class='ocrx_word' id='word_1_130' title='bbox 143 2363 259 2434; x_wconf 87' lang='lat' dir='ltr'>LVIII.</span> <span class='ocrx_word' id='word_1_131' title='bbox 281 2362 372 2434; x_wconf 70' lang='lat' dir='ltr'>Asiae</span> <span class='ocrx_word' id='word_1_132' title='bbox 397 2361 543 2433; x_wconf 71' lang='lat' dir='ltr'>sunt&#39;res</span> <span class='ocrx_word' id='word_1_133' title='bbox 568 2358 708 2433; x_wconf 87' lang='lat' dir='ltr'>feliciter</span> <span class='ocrx_word' id='word_1_134' title='bbox 730 2363 768 2434; x_wconf 78' lang='grc' dir='ltr'>δι</span> <span class='ocrx_word' id='word_1_135' title='bbox 790 2361 825 2431; x_wconf 93' lang='lat' dir='ltr'>in</span> <span class='ocrx_word' id='word_1_136' title='bbox 851 2360 1054 2434; x_wconf 88' lang='lat' dir='ltr'>Mauritania</span> 
     </span>
    </p>
   </div>
   <div class='ocr_carea' id='block_1_8' title="bbox 92 2467 1165 2575">
    <p class='ocr_par' dir='ltr' id='par_1_9' title="bbox 92 2467 1165 2575">
     <span class='ocr_line' id='line_1_20' title="bbox 92 2467 1165 2575; baseline 0.005 -32"><span class='ocrx_word' id='word_1_137' title='bbox 92 2471 275 2568; x_wconf 84' lang='lat' dir='ltr'>Tingitana</span> <span class='ocrx_word' id='word_1_138' title='bbox 298 2497 358 2568; x_wconf 84' lang='lat' dir='ltr'>per</span> <span class='ocrx_word' id='word_1_139' title='bbox 381 2467 514 2575; x_wconf 76' lang='lat' dir='ltr'>surium</span> <span class='ocrx_word' id='word_1_140' title='bbox 540 2471 693 2559; x_wconf 90' lang='lat' dir='ltr'>Celsum,</span> <span class='ocrx_word' id='word_1_141' title='bbox 717 2470 811 2545; x_wconf 88' lang='lat' dir='ltr'>&amp;in</span> <span class='ocrx_word' id='word_1_142' title='bbox 832 2469 973 2567; x_wconf 85' lang='lat' dir='ltr'>Illyrico</span> <span class='ocrx_word' id='word_1_143' title='bbox 994 2497 1054 2568; x_wconf 87' lang='lat' dir='ltr'>per</span> <span class='ocrx_word' id='word_1_144' title='bbox 1119 2549 1122 2558; x_wconf 70' lang='grc'><strong>,</strong></span> <span class='ocrx_word' id='word_1_145' title='bbox 1159 2536 1165 2548; x_wconf 96' lang='grc'><em>.</em></span> 
     </span>
    </p>
   </div>
   <div class='ocr_carea' id='block_1_9' title="bbox 59 2575 1074 3894">
    <p class='ocr_par' dir='ltr' id='par_1_10' title="bbox 59 2575 1074 3894">
     <span class='ocr_line' id='line_1_21' title="bbox 93 2575 1054 2684; baseline 0.003 -36"><span class='ocrx_word' id='word_1_146' title='bbox 93 2581 236 2652; x_wconf 91' lang='lat' dir='ltr'>Varium</span> <span class='ocrx_word' id='word_1_147' title='bbox 252 2581 441 2655; x_wconf 89' lang='lat' dir='ltr'>Macrinum</span> <span class='ocrx_word' id='word_1_148' title='bbox 455 2575 701 2684; x_wconf 62' lang='lat' dir='ltr'>affinemejus,</span> <span class='ocrx_word' id='word_1_149' title='bbox 717 2579 754 2650; x_wconf 79' lang='grc' dir='ltr'>δι</span> <span class='ocrx_word' id='word_1_150' title='bbox 766 2576 802 2648; x_wconf 94' lang='lat' dir='ltr'>in</span> <span class='ocrx_word' id='word_1_151' title='bbox 821 2577 978 2650; x_wconf 81' lang='lat' dir='ltr'>Armenia</span> <span class='ocrx_word' id='word_1_152' title='bbox 995 2604 1054 2675; x_wconf 86' lang='lat' dir='ltr'>per</span> 
     </span>
     <span class='ocr_line' id='line_1_22' title="bbox 93 2683 1054 2787; baseline -0.002 -22"><span class='ocrx_word' id='word_1_153' title='bbox 93 2691 231 2765; x_wconf 86' lang='lat' dir='ltr'>lunium</span> <span class='ocrx_word' id='word_1_154' title='bbox 250 2693 457 2778; x_wconf 82' lang='lat' dir='ltr'>Palmatum3</span> <span class='ocrx_word' id='word_1_155' title='bbox 477 2709 577 2787; x_wconf 89' lang='lat' dir='ltr'>atque</span> <span class='ocrx_word' id='word_1_156' title='bbox 599 2683 640 2760; x_wconf 70' lang='lat' dir='ltr'>ex</span> <span class='ocrx_word' id='word_1_157' title='bbox 661 2686 821 2761; x_wconf 87' lang='lat' dir='ltr'>omnibus</span> <span class='ocrx_word' id='word_1_158' title='bbox 841 2688 927 2760; x_wconf 89' lang='lat' dir='ltr'>loeis</span> <span class='ocrx_word' id='word_1_159' title='bbox 948 2689 980 2761; x_wconf 91' lang='lat' dir='ltr'>ei</span> <span class='ocrx_word' id='word_1_160' title='bbox 1002 2707 1054 2763; x_wconf 90' lang='lat' dir='ltr'>ta-</span> 
     </span>
     <span class='ocr_line' id='line_1_23' title="bbox 94 2797 1053 2894; baseline 0.003 -23"><span class='ocrx_word' id='word_1_161' title='bbox 94 2801 191 2872; x_wconf 78' lang='lat' dir='ltr'>bellas</span> <span class='ocrx_word' id='word_1_162' title='bbox 211 2802 367 2874; x_wconf 80' lang='lat' dir='ltr'>laureatae</span> <span class='ocrx_word' id='word_1_163' title='bbox 382 2800 466 2872; x_wconf 86' lang='lat' dir='ltr'>sunt</span> <span class='ocrx_word' id='word_1_164' title='bbox 494 2799 629 2888; x_wconf 81' lang='lat' dir='ltr'>delatae,</span> <span class='ocrx_word' id='word_1_165' title='bbox 654 2797 775 2894; x_wconf 76' lang='lat' dir='ltr'>q&#39;uibus</span> <span class='ocrx_word' id='word_1_166' title='bbox 802 2797 838 2869; x_wconf 90' lang='lat' dir='ltr'>in</span> <span class='ocrx_word' id='word_1_167' title='bbox 863 2801 988 2872; x_wconf 85' lang='lat' dir='ltr'>Senatu</span> <span class='ocrx_word' id='word_1_168' title='bbox 1015 2800 1053 2874; x_wconf 88' lang='lat'>&amp;</span> 
     </span>
     <span class='ocr_line' id='line_1_24' title="bbox 93 2907 1062 3006; baseline 0 -25"><span class='ocrx_word' id='word_1_169' title='bbox 93 2911 186 3004; x_wconf 83' lang='lat' dir='ltr'>apud</span> <span class='ocrx_word' id='word_1_170' title='bbox 206 2911 506 3006; x_wconf 76' lang='lat' dir='ltr'>populumle&#39;slis,</span> <span class='ocrx_word' id='word_1_171' title='bbox 532 2910 690 2982; x_wconf 88' lang='lat' dir='ltr'>omnibus</span> <span class='ocrx_word' id='word_1_172' title='bbox 710 2907 906 2982; x_wconf 82' lang='lat' dir='ltr'>nominibus</span> <span class='ocrx_word' id='word_1_173' title='bbox 927 2909 975 2981; x_wconf 85' lang='lat' dir='ltr'>est</span> <span class='ocrx_word' id='word_1_174' title='bbox 994 2909 1062 2982; x_wconf 82' lang='lat' dir='ltr'>ad·-</span> 
     </span>
     <span class='ocr_line' id='line_1_25' title="bbox 93 3019 1054 3116; baseline 0.003 -27"><span class='ocrx_word' id='word_1_175' title='bbox 93 3036 246 3092; x_wconf 89' lang='lat' dir='ltr'>ornatus.</span> <span class='ocrx_word' id='word_1_176' title='bbox 258 3019 320 3093; x_wconf 88' lang='lat' dir='ltr'>His</span> <span class='ocrx_word' id='word_1_177' title='bbox 335 3045 441 3112; x_wconf 83' lang='lat' dir='ltr'>uero,</span> <span class='ocrx_word' id='word_1_178' title='bbox 455 3021 513 3116; x_wconf 92' lang='lat' dir='ltr'>qui</span> <span class='ocrx_word' id='word_1_179' title='bbox 526 3020 767 3114; x_wconf 88' lang='lat' dir='ltr'>rempublicam</span> <span class='ocrx_word' id='word_1_180' title='bbox 782 3019 868 3091; x_wconf 91' lang='lat' dir='ltr'>bene</span> <span class='ocrx_word' id='word_1_181' title='bbox 881 3019 1054 3115; x_wconf 86' lang='lat' dir='ltr'>gesserant,</span> 
     </span>
     <span class='ocr_line' id='line_1_26' title="bbox 96 3127 1054 3221; baseline 0.004 -21"><span class='ocrx_word' id='word_1_182' title='bbox 96 3127 297 3201; x_wconf 87' lang='lat' dir='ltr'>Consularia</span> <span class='ocrx_word' id='word_1_183' title='bbox 322 3150 520 3205; x_wconf 86' lang='lat' dir='ltr'>ornamenta</span> <span class='ocrx_word' id='word_1_184' title='bbox 541 3132 671 3204; x_wconf 88' lang='lat' dir='ltr'>decreta</span> <span class='ocrx_word' id='word_1_185' title='bbox 695 3129 789 3221; x_wconf 89' lang='lat' dir='ltr'>sunt,</span> <span class='ocrx_word' id='word_1_186' title='bbox 810 3131 929 3202; x_wconf 86' lang='lat' dir='ltr'>additis</span> <span class='ocrx_word' id='word_1_187' title='bbox 953 3131 1054 3204; x_wconf 89' lang='lat' dir='ltr'>etiam</span> 
     </span>
     <span class='ocr_line' id='line_1_27' title="bbox 95 3236 1074 3336; baseline 0.004 -27"><span class='ocrx_word' id='word_1_188' title='bbox 95 3236 289 3320; x_wconf 85' lang='lat' dir='ltr'>sacerdotiis</span> <span class='ocrx_word' id='word_1_189' title='bbox 306 3240 343 3312; x_wconf 81' lang='grc' dir='ltr'>δι</span> <span class='ocrx_word' id='word_1_190' title='bbox 365 3245 522 3336; x_wconf 84' lang='lat' dir='ltr'>agr&#39;orum</span> <span class='ocrx_word' id='word_1_191' title='bbox 539 3238 794 3334; x_wconf 79' lang='lat' dir='ltr'>possessionibus</span> <span class='ocrx_word' id='word_1_192' title='bbox 812 3237 869 3326; x_wconf 88' lang='lat' dir='ltr'>iis,</span> <span class='ocrx_word' id='word_1_193' title='bbox 884 3237 941 3333; x_wconf 91' lang='lat' dir='ltr'>qui</span> <span class='ocrx_word' id='word_1_194' title='bbox 960 3256 1074 3312; x_wconf 87' lang='lat' dir='ltr'>erant.</span> 
     </span>
     <span class='ocr_line' id='line_1_28' title="bbox 59 3345 1054 3450; baseline 0 -28"><span class='ocrx_word' id='word_1_195' title='bbox 59 3377 62 3386; x_wconf 92' lang='lat'><em>·</em></span> <span class='ocrx_word' id='word_1_196' title='bbox 96 3345 279 3446; x_wconf 72' lang='lat' dir='ltr'>paupeteS,</span> <span class='ocrx_word' id='word_1_197' title='bbox 296 3351 336 3424; x_wconf 81' lang='grc' dir='ltr'>δι</span> <span class='ocrx_word' id='word_1_198' title='bbox 348 3374 426 3421; x_wconf 79' lang='lat' dir='ltr'>aevo</span> <span class='ocrx_word' id='word_1_199' title='bbox 443 3351 508 3446; x_wconf 78' lang='lat' dir='ltr'>jam</span> <span class='ocrx_word' id='word_1_200' title='bbox 526 3374 653 3450; x_wconf 84' lang='lat' dir='ltr'>graves.</span> <span class='ocrx_word' id='word_1_201' title='bbox 667 3350 833 3444; x_wconf 76' lang='lat' dir='ltr'>Captivos</span> <span class='ocrx_word' id='word_1_202' title='bbox 850 3349 1054 3422; x_wconf 85' lang='lat' dir='ltr'>diversarum</span> 
     </span>
     <span class='ocr_line' id='line_1_29' title="bbox 96 3460 1054 3566; baseline -0.001 -32"><span class='ocrx_word' id='word_1_203' title='bbox 96 3462 276 3534; x_wconf 90' lang='lat' dir='ltr'>nationum</span> <span class='ocrx_word' id='word_1_204' title='bbox 296 3463 423 3538; x_wconf 72' lang='lat' dir='ltr'>amicis&#39;</span> <span class='ocrx_word' id='word_1_205' title='bbox 436 3461 601 3552; x_wconf 83' lang='lat' dir='ltr'>donavit,</span> <span class='ocrx_word' id='word_1_206' title='bbox 621 3463 645 3534; x_wconf 87' lang='lat' dir='ltr'>st</span> <span class='ocrx_word' id='word_1_207' title='bbox 669 3483 745 3535; x_wconf 84' lang='lat' dir='ltr'>aetas</span> <span class='ocrx_word' id='word_1_208' title='bbox 763 3460 899 3566; x_wconf 89' lang='lat' dir='ltr'>puerilis</span> <span class='ocrx_word' id='word_1_209' title='bbox 922 3463 982 3530; x_wconf 87' lang='lat' dir='ltr'>aut</span> <span class='ocrx_word' id='word_1_210' title='bbox 1000 3460 1054 3553; x_wconf 73' lang='lat' dir='ltr'>iu·</span> 
     </span>
     <span class='ocr_line' id='line_1_30' title="bbox 96 3569 1054 3670; baseline -0.001 -27"><span class='ocrx_word' id='word_1_211' title='bbox 96 3570 222 3644; x_wconf 78' lang='lat' dir='ltr'>venilis</span> <span class='ocrx_word' id='word_1_212' title='bbox 243 3573 532 3670; x_wconf 71' lang='lat' dir='ltr'>permisit..ffi·qui</span> <span class='ocrx_word' id='word_1_213' title='bbox 551 3590 668 3658; x_wconf 39' lang='lat' dir='ltr'>tamenx</span> <span class='ocrx_word' id='word_1_214' title='bbox 683 3571 765 3670; x_wconf 84' lang='lat' dir='ltr'>regii</span> <span class='ocrx_word' id='word_1_215' title='bbox 785 3586 841 3641; x_wconf 90' lang='lat' dir='ltr'>aut</span> <span class='ocrx_word' id='word_1_216' title='bbox 867 3569 1054 3642; x_wconf 83' lang='lat' dir='ltr'>nobiliores</span> 
     </span>
     <span class='ocr_line' id='line_1_31' title="bbox 97 3670 1055 3776; baseline -0.002 -24"><span class='ocrx_word' id='word_1_217' title='bbox 97 3679 255 3766; x_wconf 88' lang='lat' dir='ltr'>suerunt,</span> <span class='ocrx_word' id='word_1_218' title='bbox 272 3707 332 3755; x_wconf 89' lang='lat' dir='ltr'>eos</span> <span class='ocrx_word' id='word_1_219' title='bbox 351 3682 500 3772; x_wconf 75' lang='lat' dir='ltr'>militiae,</span> <span class='ocrx_word' id='word_1_220' title='bbox 525 3705 594 3755; x_wconf 92' lang='lat' dir='ltr'>non</span> <span class='ocrx_word' id='word_1_221' title='bbox 614 3670 726 3754; x_wconf 88' lang='lat' dir='ltr'>tamen</span> <span class='ocrx_word' id='word_1_222' title='bbox 749 3705 895 3776; x_wconf 87' lang='lat' dir='ltr'>magnae,</span> <span class='ocrx_word' id='word_1_223' title='bbox 915 3680 1055 3774; x_wconf 87' lang='lat' dir='ltr'>deputa·</span> 
     </span>
     <span class='ocr_line' id='line_1_32' title="bbox 99 3783 1054 3894; baseline -0.004 -26"><span class='ocrx_word' id='word_1_224' title='bbox 99 3789 161 3868; x_wconf 81' lang='lat' dir='ltr'>vit.</span> <span class='ocrx_word' id='word_1_225' title='bbox 182 3789 278 3888; x_wconf 88' lang='lat' dir='ltr'>Sola,</span> <span class='ocrx_word' id='word_1_226' title='bbox 294 3816 369 3892; x_wconf 80' lang='lat' dir='ltr'>quae</span> <span class='ocrx_word' id='word_1_227' title='bbox 397 3792 441 3867; x_wconf 91' lang='lat' dir='ltr'>de·</span> <span class='ocrx_word' id='word_1_228' title='bbox 459 3783 612 3866; x_wconf 84' lang='lat' dir='ltr'>hostibus</span> <span class='ocrx_word' id='word_1_229' title='bbox 635 3810 731 3894; x_wconf 86' lang='lat' dir='ltr'>capta</span> <span class='ocrx_word' id='word_1_230' title='bbox 753 3789 853 3885; x_wconf 89' lang='lat' dir='ltr'>sunt,</span> <span class='ocrx_word' id='word_1_231' title='bbox 875 3789 1054 3866; x_wconf 81' lang='lat' dir='ltr'>limitaneis</span> 
     </span>
    </p>
   </div>
   <div class='ocr_carea' id='block_1_10' title="bbox 0 0 1451 4824">
    <p class='ocr_par' dir='ltr' id='par_1_11' title="bbox 0 0 1451 4824">
     <span class='ocr_line' id='line_1_33' title="bbox 0 0 1451 4824; baseline 0 0"><span class='ocrx_word' id='word_1_232' title='bbox 0 0 1451 4824; x_wconf 95' lang='lat' dir='ltr'> </span> 
     </span>
    </p>
   </div>
  </div>
 </body>
</html>
