2856 4824
1404 7 1422 317 l

380 293 1344 394 25⁶nuruum.nurouruuanocrmtus.
1418 389 1419 394 q

381 459 443 549 de,
458 477 495 530 ut
507 446 671 554 plerisque
680 454 716 529 in
728 454 822 552 libris
829 453 987 547 invenio,
1001 457 1147 531 Antonii
1159 457 1241 532 diui
1255 458 1340 552 sunt,

383 591 457 640 non
479 564 660 639 Antonini.
1108 593 1110 600 ⁴
1403 637 1414 654 ,

431 677 582 750 XXXV.
603 675 686 748 Hac
705 672 782 747 sunt
798 673 841 746 de
860 673 1103 776 Heliogabalo,
1119 674 1216 771 cujus
1238 677 1341 751 ritam
1420 719 1421 726 κ

223 861 226 868 ,
382 811 438 862 me
457 785 602 859 invitum
622 784 921 875 &·relullantem,
941 811 985 860 ex
1003 787 1133 862 Graecis
1151 787 1342 886 Latinisque
1415 856 1420 889 η

381 896 558 996 cpllellam
569 947 579 982 ,
592 893 732 969 scribere
748 919 788 968 ae
799 894 861 968 tibi
874 895 996 970 offerre
1009 896 1167 986 voluisti,
1184 909 1262 970 'cum
1277 895 1339 992 jam
1414 896 1420 936 '³

346 1033 350 1042 ·
382 1004 528 1086 aliorum
542 1018 621 1076 ante
637 1001 823 1076 tulerimus.
838 1004 988 1078 Scribere
1009 1023 1118 1079 autent
1138 1005 1269 1094 ordiar,
1283 1006 1340 1102 qui

264 1129 271 1147 ·
380 1103 461 1216 poll
484 1114 690 1216 sequentur:
715 1141 871 1216 quorumx
894 1118 1086 1192 Alexander
1109 1117 1281 1214 optimus,
1305 1121 1342 1192 δι
1412 1116 1419 1264 Ι

381 1253 461 1304 cunr
474 1251 555 1305 vera
567 1226 728 1303 dicendus
743 1227 936 1320 affertione,
946 1230 985 1303 δι
998 1251 1166 1300 annorum
1180 1225 1341 1300 tredecim
1418 1269 1419 1287 .

381 1340 568 1436 Princeps:
592 1337 762 1414 seruellres
790 1338 873 1428 alii,
895 1342 933 1414 δι
961 1339 1024 1415 vix
1050 1339 1220 1414 annui&
1247 1339 1341 1420 birni.
1413 1358 1420 1457 q

295 1527 306 1542 ,
380 1450 584 1527 'Aurelianus
600 1448 815 1547 precipuus:
840 1453 877 1528 δι
898 1451 1022 1524 horum
1045 1449 1199 1526 onmium
1217 1449 1340 1535 decus,

383 1559 501 1632 audlor
519 1557 568 1630 tui
583 1558 714 1655 generis
724 1557 888 1634 Claudius
901 1585 910 1631 τ
923 1561 966 1633 de
984 1583 1056 1659 quo
1075 1583 1197 1634 vereor
1219 1559 1263 1631 ad
1275 1557 1339 1631 cle·

382 1667 543 1744 ruentiam
565 1683 656 1742 tuam
678 1667 827 1744 scribens
841 1691 928 1744 -rera
945 1669 1079 1757 dicere,
1102 1667 1337 1746 nemalevolis

383 1778 536 1854 adulatus
563 1777 679 1854 videar
696 1778 782 1854 elle:
800 1779 855 1854 led
873 1779 1029 1855 absolvar
1050 1799 1169 1854 eontra
1194 1779 1336 1853 livorem

383 1887 644 1983 improborum,
661 1910 739 1961 curn
759 1889 798 1962 dt
822 1889 911 1983 apud
930 1888 1016 1962 alios
1032 1889 1156 1963 clarum
1175 1885 1241 1960 effe
1265 1911 1337 1983 per·

383 1996 558 2094 spexerim.
571 1995 633 2070 His
644 1992 805 2095 jungendi
819 1995 893 2068 lunt
912 1996 1165 2087 Diocletianus,
1177 1997 1272 2071 aurei
1285 2021 1338 2092 pa·

385 2129 463 2178 rens
483 2102 607 2193 seculi,
620 2105 659 2178 &
677 2103 922 2194 Maximianus,
938 2127 976 2179 ut
994 2108 1100 2206 vulgo
1120 2105 1262 2196 dicitur,
1278 2103 1337 2178 fer·

307 2211 311 2219 ’
384 2215 455 2304 rei,
470 2215 641 2313 ceterique
659 2213 700 2284 ad
715 2212 871 2309 pietatem
885 2231 989 2290 tuam.
1004 2215 1056 2286 Te
1074 2239 1181 2303 vero,
1194 2212 1338 2312 Auguste

384 2323 613 2412 venerabilis,
636 2322 750 2394 multis
774 2320 923 2421 paginis,
945 2320 1130 2422 iisdemque
1154 2322 1339 2396 disertiori·

371 2433 467 2520 bus,
480 2431 529 2504 illi
542 2428 807 2528 prosequentur,
819 2430 941 2529 quibus
954 2430 989 2504 id
1008 2431 1142 2506 felicior
1154 2453 1273 2506 naruta
1286 2433 1341 2505 de·

384 2537 508 2613 rulerit.
528 2539 589 2614 His
603 2539 745 2612 addendi
760 2536 836 2612 sunt
854 2537 1023 2629 Licinius,
1038 2543 1179 2615 Severus
1192 2538 1341 2614 Alexan·

385 2651 462 2743 der,
474 2671 573 2751 atque
598 2652 814 2740 Maxentius,
830 2667 976 2750 quorum
991 2650 1143 2724 omnium
1161 2648 1214 2746 jus
1233 2649 1270 2725 in
1290 2652 1341 2724 di·

385 2761 515 2835 tionem
531 2781 622 2836 tuam
636 2762 791 2835 devenit:
805 2763 930 2850 sedita,
943 2761 1073 2834 utniltil
1087 2785 1206 2835 eorum
1220 2759 1341 2834 virtuti

385 2870 575 2969 derogetur.
591 2869 780 2944 Non‘eniur
793 2893 859 2968 ego
872 2868 908 2942 id
921 2868 1061 2960 faciam,
1074 2870 1168 2968 quod
1188 2869 1340 2966 plerique

355 3009 359 3015 ’
385 2978 566 3076 scriptores
579 2977 702 3068 solent,
713 2996 753 3051 ut
762 2979 802 3052 de
813 2978 866 3052 his
876 2975 1067 3064 detraham,
1080 2976 1138 3072 qui
1152 2974 1236 3050 viui
1250 2973 1340 3051 suut:

386 3115 464 3164 cum
484 3091 689 3190 intelligam,
705 3088 823 3190 gloliae
845 3108 913 3164 tuae
933 3085 1149 3179 accedere,sr
1168 3085 1284 3159 omnia
1300 3085 1340 3157 de

386 3197 474 3295 illis,
487 3225 563 3300 quae
579 3202 671 3278 bona
684 3201 722 3275 in
740 3200 774 3275 se
787 3199 994 3294 habuerunt,
1011 3203 1098 3275 'vera
1115 3193 1317 3294 predicato.

679 3478 1036 3518 b--n--a--n
