2884 4828
757 107 764 144 l

270 371 913 450 rrasrururuaettrou.
1016 386 1080 478 ιη’

126 529 248 610 teresi
265 533 378 610 sadus.
403 538 466 616 Sed
487 559 564 612 cum
590 537 827 634 Laetogratias
848 537 961 637 egisset
979 543 1085 615 Perti·

125 643 219 735 nax‘,
236 647 341 720 Falco
365 645 494 720 Consul
511 645 618 720 dixit:
637 649 754 744 Qualis
769 652 939 744 Imperator
953 652 1086 743 csfntu·

125 785 198 846 rus,
215 761 288 829 lzinc
307 761 529 855 intelligimus,
545 764 630 854 quod
645 763 762 832 Lutum
780 755 814 832 ἂ
830 763 1009 852 Marciam,
1023 768 1086 835 mi·

111 868 238 970 nistros
248 868 394 960 scelerum
421 857 605 959 Commodi,
618 867 688 970 post
706 893 735 942 tt
753 869 980 943 videmus.'ctti
1003 872 1087 944 Per·

124 975 221 1045 tinax
237 975 433 1072 respondit:
454 979 584 1050 Iuvenis
602 1005 633 1076 ep
654 981 788 1073 Consul,
810 1008 865 1053 nec
875 983 1086 1076 parendiscis

124 1083 331 1178 neceffitatcm.
348 1088 526 1157 Potuerunt
549 1087 647 1157 inviti
669 1089 858 1161 Commodo:
868 1093 931 1185 scd
950 1095 1005 1162 ubi
1028 1097 1088 1161 lra-

125 1186 254 1263 luerunt
255 1193 443 1283 faeculentam
455 1245 466 1279 ,
481 1197 558 1288 quid
566 1193 689 1287 srmpcr
701 1201 870 1284 voluerint,
884 1199 1086 1297 ostenderunt.

125 1301 252 1372 Eadem
273 1302 347 1386 die,
364 1324 430 1394 qua
447 1300 612 1396 Augustus
635 1301 681 1372 est
699 1303 908 1397 appellatus,
920 1305 958 1377 δι
972 1305 1088 1378 Flavia
1166 1369 1170 1384 .

123 1409 284 1498 Titiana,
305 1426 395 1482 urtor
415 1406 506 1506 ejus,
526 1410 672 1508 Augusta
689 1411 736 1484 est
755 1413 941 1510 appellata,
955 1412 1006 1486 his
1024 1414 1089 1487 ho·

108 1519 193 1608 ¹ris,
212 1519 334 1616 quibus
356 1517 413 1590 ille
426 1519 469 1604 jn
496 1517 704 1614 Capitolium
727 1539 809 1594 vota
830 1521 995 1596 solvebat.
1018 1519 1090 1618 pria

126 1623 202 1702 mus
227 1629 304 1701 sane
330 1627 486 1702 omnium
513 1654 552 1701 ea
577 1629 654 1722 die,
700 1655 745 1704 ua
769 1632 936 1731 Augustus
957 1632 1010 1707 est·
1030 1659 1091 1732 ap·

127 1741 299 1839 peilatus,
319 1742 416 1814 etiam
438 1741 544 1814 Patris
567 1743 684 1842 patriae
704 1766 831 1818 nomen
850 1744 1000 1842 recepit:
1025 1767 1090 1817 nec

130 1872 205 1920 non
224 1848 324 1924 srmul
343 1848 443 1922 etiam
462 1845 641 1945 imperium
659 1853 921 1948 proconsulare,
935 1876 1000 1926 nec
1015 1877 1111 1927 non..

7 1989 15 2008 ·
128 1957 182 2050 jus
207 1975 335 2053 quartae
353 1957 541 2030 relationis:
564 1960 659 2056 quod
677 1960 802 2034 ominis
824 1960 907 2034 loco
925 1959 990 2033 suit
1008 1959 1092 2034 Per·
1129 1991 1132 1998 ¹

129 2068 244 2142 tinaci.
256 2068 310 2141 Ad
325 2069 484 2164 palatium
497 2079 578 2168 ergo
592 2069 749 2144 Pertinax
767 2069 956 2166 prosedus,
971 2070 1092 2170 (quod

128 2197 213 2252 tunc
231 2179 376 2252 vacuum
398 2195 489 2267 erat,
505 2178 583 2274 quia
605 2179 818 2250 Commodus
838 2178 875 2252 in
897 2178 1093 2252 Vedilianis

131 2260 268 2361 occisus
283 2286 354 2384 est)
376 2286 504 2384 petenti
527 2285 655 2384 tignum
672 2286 853 2384 primodie
877 2286 1016 2360 tribuno
1035 2286 1093 2358 de·

130 2398 204 2486 dit,
225 2403 421 2490 Militantes,
440 2399 651 2496 exprobrans
673 2398 790 2494 utique
813 2396 985 2495 segnitiem
996 2391 1094 2471 'tem-

131 2532 256 2604 porum
282 2507 511 2604 superiorum:
542 2509 644 2604 quod·
662 2507 800 2606 quidem
824 2504 925 2581 etiam
944 2507 1028 2579 ¹ante
1055 2505 1093 2578 in

132 2613 292 2690 omnibus
306 2617 482 2690 ducatibus
497 2619 643 2690 dederat.

113 2787 115 2789 .
180 2726 242 2800 Vl.
254 2725 561 2822 Exprobtationem
580 2744 690 2799 autem
706 2725 796 2800 itiam
814 2725 938 2801 milites
953 2741 1095 2800 nontu-

131 2839 264 2928 lerunt,
285 2838 465 2936 statimque
484 2839 525 2913 de
545 2843 752 2936 Imperatore
776 2839 939 2915 mutando
963 2839 1095 2938 cogita·

131 2951 350 3024 runt.Eadie
362 2950 463 3026 etiam
476 2950 518 3024 ad
532 2934 1097 3048 conviviummagistiatus&pto*
1150 2963 1157 3050 s
1186 2937 1189 2941 ⁴
1310 2936 1312 2940 ’

133 3085 228 3135 ceres
241 3062 381 3134 Senatus
399 3061 554 3162 rogavit:
571 3086 670 3156 quam
689 3061 966 3144 consuetudinem
978 3063 1093 3134 ‘Com-

131 3169 254 3244 modus
272 3157 534 3268 praetermiserat.
553 3172 657 3259 Sane,
674 3197 751 3244 cum
770 3171 907 3268 postero
923 3165 1096 3246 Kalenda-

124 3301 206 3348 rum
227 3275 281 3350 die
299 3275 410 3351 datuae
433 3277 620 3350 Commodi
636 3276 878 3371 dejicerentur,
892 3291 1095 3376 gemuerunt

132 3382 275 3469 milites;
286 3381 402 3474 fimul,
412 3383 493 3482 quia
506 3384 625 3459 iterum
639 3383 767 3486 fignum
782 3385 869 3460 idem
883 3386 1017 3460 dederat
1029 3389 1094 3463 lut·

131 3507 278 3588 perator.
294 3489 492 3566 Timebatur
512 3517 623 3568 autem
645 3493 765 3568 militia
786 3493 846 3568 sub
863 3493 1095 3590 senelmpe'ta·
1162 3513 1163 3516 ’

132 3597 220 3674 tore.
244 3603 407 3707 Denique
427 3595 563 3678 tertium
583 3606 760 3680 Nonarum
788 3605 876 3678 diem
900 3605 994 3679 votis
1016 3603 1093 3700 ipsis

118 3710 258 3783 milites
273 3709 445 3785 Triarium
464 3715 655 3809 Maternum
672 3712 884 3802 Lasciuium,
905 3713 1092 3787 senatorem

133 3819 311 3914 nobilem,
333 3821 456 3906 ducere
474 3821 511 3896 in
531 3821 633 3899 castra
654 3823 864 3911 voluerunt,
881 3839 918 3895 ut
938 3845 1014 3895 eum
1039 3845 1092 3896 re,
