2932 4824
409 326 480 406 itt
516 329 604 405 tur..
617 323 1097 402 cnnnonmctomos
1113 327 1326 419 nunnus:
1452 305 1454 346 *

456 490 548 562 le.
560 488 645 562 llaec
657 483 784 560 concio
796 537 807 574 ,
821 481 912 560 viro
925 484 1036 558 adbuc
1054 484 1279 576 Commodo,
1298 490 1374 561 Ro=

1430 13 1454 294 l

408 617 498 671 mant
519 594 628 668 delata
645 591 703 667 est.
720 616 797 690 quae
810 593 1042 666 Commodum
1059 591 1095 664 in
1115 595 1278 670 Albinum
1295 621 1372 670 era·
1449 580 1454 650 ‘¹

408 705 575 800 sperarit:
601 701 777 803 statimque
803 701 1024 777 successorem
1044 701 1131 776 mitit
1152 702 1289 778 lunium
1312 707 1372 779 Se·
1449 698 1453 712 '

409 836 527 887 verum
540 864 552 901 ‚
567 835 671 886 unum
690 835 732 886 er
743 808 1049 912 contubernalibus
1060 808 1136 884 suis.
1155 813 1293 886 Senatui
1311 839 1371 889 au·

409 938 479 994 tem
497 939 629 995 tantum
649 919 797 1019 placuit,
813 937 853 994 ut
872 917 966 993 miris
988 918 1289 998 acclamationibus
1310 924 1370 995 ab·

406 1029 532 1106 sentem
552 1055 629 1106 eum
647 1047 804 1121 ornaret,
818 1033 858 1106 δι
876 1030 965 1106 viro
985 1031 1207 1120 Commodo,
1220 1034 1259 1106 δι
1271 1034 1369 1108 dein-

406 1165 487 1238 ceps
500 1141 705 1229 interemto3
718 1140 765 1216 ita
780 1160 818 1215 ut
832 1140 991 1242 nonnulli
1005 1141 1106 1216 etiam
1118 1142 1294 1218 -Pertioaci
1311 1170 1369 1218 au·

406 1250 517 1324 liores
529 1249 676 1340 fuerint,
690 1267 729 1322 ut
741 1273 817 1324 eum
834 1249 895 1323 fibi
910 1249 1036 1325 socium
1053 1249 1264 1339 adsciscerem
1278 1254 1368 1348 apud

407 1356 594 1448 lulianum,
608 1357 650 1430 de
663 1356 853 1432 occidendo
865 1357 1056 1448 Pertinace,
1069 1357 1172 1454 ipsius
1186 1358 1368 1456 plurimum

408 1465 587 1540 auctoritas
606 1465 763 1540 valuerit.
781 1469 955 1540 litantem
974 1466 1043 1540 hoc
1058 1489 1179 1540 rerum
1198 1467 1380 1568 intelliga·‘

374 1587 381 1600 “
408 1575 674 1670 tur,epillolant
686 1575 873 1650 Commodi
886 1573 1116 1654 ad'Praefeuos
1125 1576 1279 1672 pretorii
1294 1578 1369 1654 suos
1451 1577 1454 1672 ζ

407 1685 517 1760 datam
532 1683 682 1777 inserui,
696 1710 765 1784 qua
786 1687 827 1760 de
844 1685 1036 1761 occidendo
1053 1686 1181 1760 Albino
1201 1686 1369 1786 fignificat·
1452 1679 1454 1708 ³

407 1795 462 1867 vit
484 1793 575 1868 suam
597 1811 755 1870 mentem.
767 1797 918 1867 Aurelius
935 1800 1121 1868 Commodus
1135 1799 1267 1870 Seuerus
1282 1801 1369 1870 Prae·

400 1899 496 1993 feffis
509 1903 657 1996 firlurrm.
681 1901 810 2002 Arudtffi
832 1931 888 1974 uos
902 1907 1013 1992 credo,
1020 1903 1278 1998 primumfiflurn
1292 1904 1370 2003 effr',
1447 1986 1453 2017 1

407 2015 493 2104 quod
505 2037 559 2106 ego
571 2037 706 2084 meorum
719 2012 849 2112 confilio
863 2011 1038 2102 intrrfrc‘lus
1051 2009 1161 2110 efferi:
1173 2015 1281 2082 deinde
1294 2038 1368 2084 con·
1448 2020 1453 2076 ·,

408 2124 526 2190 cionem
550 2112 655 2192 Clodii
673 2122 790 2194 Albini
801 2125 894 2212 opud
908 2124 1021 2192 milites
1040 2143 1123 2190 meos
1136 2121 1299 2209 habitam,
1314 2125 1369 2214 ptri

399 2229 583 2323 scmultrrrrr
596 2232 731 2300 Senatui
748 2235 964 2314 commendat,
983 2231 1094 2322 idque,
1107 2249 1259 2321 quantum
1279 2232 1368 2300 vidc-

406 2364 496 2422 mus,
520 2336 729 2440 noufruflra.
752 2342 915 2432 Numqui
939 2340 1118 2432 Principem
1138 2365 1235 2410 unum
1259 2343 1295 2410 in
1321 2369 1368 2413 rc-

403 2452 533 2542 publica
551 2472 645 2545 negat
661 2445 715 2546 effe
726 2452 853 2538 rubere,
867 2453 978 2544 quique
997 2447 1098 2545 afferir
1109 2477 1129 2520 a
1141 2455 1259 2522 Senatu
1270 2477 1368 2543 opor·

406 2583 464 2630 rere
483 2581 581 2632 totam
599 2561 816 2653 rempublicam
838 2562 919 2655 regi,
940 2561 1042 2651 isprr
1063 2565 1213 2631 Senatum
1224 2557 1296 2655 fibi
1308 2589 1367 2653 pe·

406 2671 446 2738 tir
459 2671 629 2762 imperium.
644 2672 753 2741 Curru
766 2672 862 2765 igitur
872 2663 1117 2765 diligrnrrffimc:
1125 2667 1196 2754 jam
1210 2668 1295 2739 enirn
1309 2671 1364 2739 lo·

406 2779 520 2848 mirum
527 2778 632 2868 sciris,
644 2781 744 2862 uobis,
753 2781 917 2864 militibru.
926 2785 1099 2873 populoque
1109 2782 1287 2851 uitandum.
1299 2779 1366 2850 llas

404 2882 517 2958 literas
542 2884 619 2958 cum
641 2884 799 2957 Pertinax
823 2873 1024 2977 invenillet',
1040 2887 1079 2960 in
1106 2884 1221 2960 Albini
1245 2887 1364 2962 odium

403 2989 601 3086 publicavit.
620 2999 723 3090 quaro
744 2991 889 3068 Albinus
904 2993 1086 3070 occidendi
1105 2994 1289 3072 Pertinacis
1309 2997 1363 3072 lu·

405 3097 498 3176 liano
510 3099 714 3180 aullorfuit.

1450 2489 1453 2604 l
