2782 4814
180 316 188 320 .
269 261 811 337 manusuetus,
967 291 1007 364 μ

5 421 6 424 ’
58 422 141 497 liber
169 422 267 498 debet
282 423 420 512 omnia,
447 449 522 521 quae
550 424 591 496 ad
605 424 741 498 stemma
760 425 890 522 generis
907 429 1014 523 perti-

59 550 139 604 nent
149 586 161 619 ,
171 531 345 605 continete
356 586 367 620 ,
377 533 434 629 qui
449 533 548 607 habet
557 532 773 630 Principem,
789 533 831 606 de
852 557 923 630 quo
936 535 1014 630 plu·

58 669 91 716 ta
111 642 257 729 dicenda
272 644 357 718 sunt.

106 755 161 826 tlt.
177 754 366 850 Adoptatus
379 773 490 829 autem
510 754 617 828 AElius
630 757 741 830 Verus
760 752 803 828 ab
817 754 1017 845 Hadriano,

58 887 103 934 eo
117 857 289 959 tempore,
301 890 374 962 quo
392 863 479 959 jam,
494 885 533 938 ut
550 865 698 964 superius
719 865 884 954 diximus,
899 869 1018 962 parum

59 972 270 1070 vigebat,'&
284 975 324 1046 de
341 975 527 1048 successore
550 977 732 1050 necessario
753 975 938 1072 cogitabat:
951 975 1017 1048 tta-

59 1081 186 1178 timque
208 1101 334 1184 pretor
352 1083 474 1176 sallus,
494 1083 739 1188 &Pannoniis
757 1087 826 1156 dux
847 1110 886 1156 ac
908 1085 1039 1158 reuor.

46 1188 253 1284 imposrtus,
266 1215 349 1264 mox
364 1195 484 1266 consul
497 1214 647 1294 creatus,
661 1199 720 1285 δι,
735 1196 815 1290 quia
832 1212 902 1265 erat
916 1193 1018 1288 depu-

58 1315 143 1374 tatus
157 1299 327 1394 imperio,
343 1300 464 1372 iterum
479 1301 598 1372 consul
616 1302 800 1397 designatus
820 1300 876 1372 cll.
890 1301 1018 1373 Datum

62 1405 158 1480 etiam
185 1407 317 1503 populo
345 1401 555 1506 congiarium
585 1407 680 1482 causa
709 1407 779 1503 ejus
809 1407 1019 1502 adoptionis,

61 1515 287 1612 collatumque
298 1513 460 1587 militibus
473 1517 535 1588 HS.
550 1535 601 1586 ter
616 1514 755 1604 millies,
771 1507 934 1588 circenses
946 1516 1016 1586 edi·

63 1621 105 1709 τὶς
119 1646 231 1718 neque
244 1622 427 1720 quidquam
442 1621 692 1720 praetermissum
704 1679 716 1714 ,
729 1624 822 1722 quod
837 1623 945 1720 pollet
960 1623 1020 1698 lae·

62 1732 167 1816 titiarn
187 1733 356 1828 publicam
374 1731 595 1830 frequentate.
612 1735 828 1830 Tantumque
844 1735 932 1830 apud
950 1735 1020 1807 Ha·

63 1843 216 1914 drianum
238 1843 430 1940 Principem
453 1841 593 1932 valuit,
607 1862 662 1931 ut,
686 1863 807 1936 prater
823 1841 1023 1938 adoptionis

64 1949 321 2045 assedlum,qu0
337 1948 560 2023 ci'videbatur
574 1948 745 2045 adjundlus
755 2004 766 2041 ,
777 1950 869 2023 solus
882 1950 1023 2042 omnia,
1135 2043 1139 2050 x

64 2083 138 2153 quae
155 2077 316 2154 cuperet,
330 2058 430 2130 etiam
448 2083 507 2154 pet
520 2059 632 2132 literas
645 2058 850 2156 impetraret.
861 2061 933 2134 Nec
944 2084 1024 2154 pro·

66 2167 188 2242 vinciae
215 2168 372 2266 quidem,
396 2169 450 2242 cui
477 2169 674 2266 praepofitus
698 2186 789 2257 erat,
810 2168 927 2241 defuit.
947 2195 1024 2242 nam

66 2277 149 2351 bene
163 2279 394 2376 getlisrebus,
409 2280 465 2352 vel
480 2281 593 2376 potius
605 2277 764 2369 feliciter,
777 2277 837 2351 etst
849 2302 920 2351 non
934 2276 1026 2351 sum·

66 2383 129 2474 uti,
142 2383 248 2458 medii
268 2403 377 2459 tamen
398 2385 548 2458 obtinuit
565 2386 660 2460 ducis
676 2385 811 2458 famam.
829 2385 896 2458 Hic
913 2384 1026 2459 tamen

67 2497 272 2569 valetudinis
285 2497 369 2570 adeo
393 2498 521 2570 miserm
538 2497 622 2586 fuit,
637 2517 674 2590 ut
696 2497 900 2570 Hadrianum
918 2496 1025 2570 statim
1058 2533 1060 2538 s

68 2605 264 2701 adoptionis
285 2604 505 2701 poenituerit;
527 2605 743 2702 potueritque
763 2629 841 2676 eum
864 2630 1026 2682 amovete
1084 2603 1085 2608 ἵ

67 2737 87 2784 a
106 2713 232 2806 familia
251 2713 487 2807 imperatoria,
503 2705 580 2786 cum
600 2714 686 2808 saepe
702 2713 743 2787 de
755 2713 829 2787 aliis
844 2715 1028 2812 cogitaret,

68 2818 193 2894 fiforte
213 2820 355 2915 uixisset.
369 2825 485 2896 Fertur
497 2821 643 2918 denique
655 2823 697 2895 ab
711 2822 784 2912 his,
797 2824 856 2920 qui
868 2825 1028 2898 Hadriani
1123 2820 1124 2823 ¹

69 2929 172 3000 vitam
195 2928 389 3026 diligentius
405 2931 440 3001 in
460 2931 573 3004 literas
591 2932 801 3021 retulerunt,
823 2933 1028 3012 Hadrianum

68 3037 149 3110 Veri
167 3037 258 3112 scisse
271 3039 485 3134 genituram,
501 3031 539 3112 dc
556 3063 654 3126 eum,
673 3065 774 3135 quem
793 3065 864 3115 non
885 3043 1031 3115 multum

68 3152 110 3222 ad
123 3151 362 3246 rempublicam
374 3151 551 3248 gerendam
564 3149 724 3246 probarat
735 3201 747 3238 ‚
760 3148 807 3220 ob
821 3149 888 3222 hoc
899 3155 1030 3224 tantum

67 3261 260 3358 adoptasse,
274 3277 312 3332 ut
325 3253 388 3332 suae
406 3256 606 3332 satisfacetet
623 3251 809 3353 uoluptati5
822 3260 882 3346 &‚
897 3277 935 3332 ut
953 3259 1033 3356 qui·
1117 3279 1125 3297 ⁴
1154 3346 1155 3349 Ἴ
1248 3343 1256 3366 ἢ

69 3372 145 3442 dam
177 3369 315 3459 dicunt,
341 3368 572 3464 jurijurando,
593 3367 687 3462 quod
712 3367 921 3448 intercessisse
944 3369 1033 3440 inter
1093 3413 1095 3416 -

68 3479 176 3572 ipsum
202 3501 241 3551 ac
265 3481 393 3548 Verum
417 3475 550 3553 secretis
573 3472 828 3551 conditionibus
856 3474 1034 3549 serebatur.

67 3591 179 3662 Fuisse
192 3589 284 3663 euim
300 3586 662 3682 Hadrianumsperium
685 3582 891 3670 matheseos,
906 3581 1035 3654 Marius

67 3701 241 3778 Maximus
259 3697 459 3798 usqueadeo
473 3684 696 3804 demonstras,
711 3712 748 3768 ut
759 3716 837 3766 eum
852 3689 939 3766 dicar
953 3709 1036 3770 sung

189 3986 222 4005 ,X
