2884 4828
17 23 22 78 i

16 81 23 253 i
230 291 1048 410 mannuumosotuusas„
1166 382 1170 387 .

15 467 20 574 i
95 457 134 536 Si
145 463 222 564 jpm
243 491 291 534 ma
306 465 470 536 dimittitis
483 518 495 552 ,
507 469 676 538 valtvobis
694 468 768 538 dico
777 519 788 555 ,
804 495 861 540 vos
872 455 1057 564 procedens.

94 577 130 648 dt
147 601 225 647 cum
244 574 286 646 ab
305 597 348 645 eo
364 574 657 670 quaereretur,cui
668 573 773 648 filium
786 580 1054 672 commendaret,

14 709 18 764 t
93 682 149 754 iile
170 682 368 778 respondit:
393 687 507 770 Vobis,
514 685 553 783 fi
572 688 688 780 dignus
701 675 870 776 fizartejo
891 689 977 759 Diis
993 691 1054 758 im·
1108 750 1116 765 t

14 765 16 864 i
93 797 285 866 mortalibus.
299 794 494 880 Exercitus,
514 795 651 891 cognita
665 793 751 866 maia
766 795 977 886 valetudine,
994 823 1057 872 ve·
1133 783 1136 787 ⁸

92 903 335 980 hementiffime
353 903 538 988 dolebant,
552 902 631 998 quia
654 901 749 975 illum
762 903 871 978 ‘unice
891 907 1057 982 amabant.

14 1047 16 1114 Ξ
93 1011 246 1106 Septimo
268 1013 322 1084 die
343 999 503 1109 gratatus¹
516 1012 640 1101 est,&
664 1009 770 1112 solum
785 1010 892 1086 filium
913 1015 1055 1090 admisit.

14 1115 15 1122 '
92 1135 196 1215 quem
219 1121 325 1194 statim
348 1122 491 1212 dimisit,
516 1147 562 1220 ne
578 1122 615 1194 in
636 1145 713 1194 eum
736 1122 874 1195 morbus
894 1125 1057 1200 transiret.

93 1228 243 1304 Dimiiio
264 1224 360 1318 tilio,
383 1246 484 1326 'caput
503 1231 661 1325 operuit,
677 1232 770 1326 quati
787 1233 908 1304 volens
927 1233 1056 1308 dormi·

14 1413 16 1440 ‚
93 1363 153 1426 re,
177 1338 232 1410 sed
260 1339 357 1440 nocie
380 1342 523 1412 animam
544 1340 817 1416 ammittant
837 1339 945 1414 filium
969 1337 1057 1442 inori
1125 1327 1129 1342 ¹

14 1495 15 1544 3
96 1445 265 1534 voluiffe,
282 1473 358 1522 cum
379 1473 456 1520 eum
476 1449 575 1522 talem
601 1449 732 1524 videret
756 1449 932 1540 futurum,
952 1451 1059 1548 qualis

14 1609 16 1654 ἰ
94 1555 223 1630 exstitit
238 1557 313 1651 post
329 1553 400 1650 ejus
413 1578 557 1642 mortem
569 1583 580 1648 3
592 1582 650 1650 ne,
666 1583 704 1632 ut
717 1558 787 1656 ipse
798 1558 951 1651 dicebat,
966 1559 1057 1634 simi·
1115 1583 1140 1644 ’ἡ

14 1705 16 1768 μ
95 1670 137 1744 lis
160 1669 316 1756 Neroni,
338 1669 500 1768 Caligula:
522 1673 560 1744 dt
579 1652 785 1746 deitiano
804 1674 894 1748 esset.
1000 1767 1002 1774 Ι
1063 1663 1068 1673 ’

14 1779 16 1870 f
144 1782 281 1862 xxlx,
303 1780 450 1854 Crimini
478 1782 512 1854 ei
534 1783 745 1875 daturn‘est,
771 1784 864 1879 quod
889 1782 1059 1859 adulteros

14 1881 15 1904 *
97 1889 216 1962 uxoris
230 1889 467 1986 promoverit,
478 1891 691 1983 Tertullum,
705 1896 743 1966 dt
756 1893 924 1983 Utilium,
940 1894 1059 1974 &Ot-

14 1993 16 2084 ζ
96 2001 249 2096 phitum,
267 2003 304 2076 δι
323 2003 563 2092 Moderatum,
587 2003 629 2076 ad
650 2004 763 2077 varios
780 2005 934 2111 itonotes
946 2029 960 2089 3.
980 2028 1059 2077 cum

14 2177 15 2200 ,
75 2125 78 2131 '
96 2110 288 2185 Tertullum
302 2109 404 2187 etiam
423 2111 642 2209 prandentem
662 2108 740 2186 cum
754 2136 863 2184 uxore
877 2112 1059 2207 deprehen·

97 2223 194 2297 derit.
217 2222 258 2294 de
275 2247 351 2320 quo,
368 2222 490 2296 mimus
508 2222 543 2296 in
563 2223 678 2314 scena,
691 2221 852 2320 prasente
867 2221 1060 2312 Antonino,

98 2331 206 2420 dixit,
222 2355 300 2406 cum
320 2331 470 2427 stupidus
487 2355 614 2406 nomen
630 2331 772 2405 adulteri
792 2333 910 2406 uxoris
928 2359 946 2404 a
961 2330 1061 2406 servo

96 2459 289 2538 quaeteret,
309 2443 346 2516 δι
369 2439 426 2514 ille
444 2441 571 2515 diceret
588 2460 639 2516 ter
661 2446 793 2530 Tullus,
817 2444 855 2514 δι
873 2441 981 2535 adhuc
994 2440 1062 2513 stu·

97 2553 199 2650 pidus
218 2536 380 2654 quereret
393 2551 599 2648 ,respondit
616 2552 693 2641 ille,
710 2554 786 2623 Iam
802 2553 876 2621 dixi
896 2574 967 2640 ter,
982 2553 1059 2632 Tul·

97 2672 150 2737 lus
161 2667 285 2739 dicitur,
306 2667 348 2734 Et
364 2661 405 2734 de
417 2663 485 2737 hoc
501 2661 638 2758 quidem
658 2659 762 2734 multa
776 2659 945 2756 populus,
959 2660 1063 2737 muita

14 2801 16 2804 ·
97 2773 200 2846 etiam
220 2771 278 2845 alii
299 2761 480 2852 dixerunt,
497 2767 700 2866 patientiam·
714 2767 882 2840 Antonini
909 2767 1063 2865 incusan5

97 2877 160 2957 tes.
174 2880 263 2956 Ante
284 2899 415 2978 tempus
427 2879 503 2954 sane
516 2879 636 2966 mortis
649 2933 660 2970 ,
675 2878 868 2977 priusquam
883 2877 926 2950 ad
937 2877 1061 2950 bellum

97 2991 415 3066 Marcomannicum
429 2990 575 3080 rediret,
588 2990 626 3061 in
641 2988 818 3086 Capitolio
833 2985 979 3082 juravit,
991 2995 1063 3060 nul-

98 3110 165 3176 lum
188 3107 370 3172 Senatorcm
383 3100 420 3192 se
431 3099 547 3192 sciente
567 3097 728 3190 occifitm3
750 3120 828 3170 cum
852 3095 950 3168 etiam
968 3105 1063 3172 rebel·

98 3218 200 3285 diones
212 3207 334 3283 dixerit
338 3209 378 3304 sc
379 3211 577 3302 seruaturum
584 3203 693 3305 fitiffe,
697 3207 736 3307 fi
736 3203 852 3304 sctffct
864 3205 961 3279 Nihil
972 3208 1064 3281 enim

98 3321 206 3420 magis
227 3322 266 3396 dt
279 3317 416 3406 timuit,
431 3315 470 3394 dc
487 3315 769 3414 deprecatus-test,
789 3337 889 3413 quant
911 3318 1064 3392 avaritia·

98 3429 243 3504 saman:
259 3421 300 3500 de
316 3454 381 3526 qua
398 3427 429 3500 se
442 3424 556 3508 multis
576 3424 725 3522 epistolis
739 3444 868 3530 purgat.
888 3427 1065 3499 Dedertmt

98 3537 131 3612 ei
159 3536 392 3634 vitio,5quod
417 3539 459 3613 δι,
472 3533 569 3610 ¹fidus
594 3533 724 3622 fuiffet,
742 3559 805 3609 nec
823 3551 891 3604 tam
909 3532 1066 3628 simplex,

98 3673 203 3747 quam
224 3643 393 3722 videretur
404 3695 416 3734 ,
429 3661 488 3718 aut
502 3669 603 3742 quam
618 3644 675 3716 vei
693 3641 771 3716 Pius
792 3642 847 3718 tel
866 3645 973 3712 Verus
985 3638 1066 3710 fuis·

99 3758 159 3835 set.
185 3755 368 3833 Dedetunt
388 3751 667 3846 etiamcrimini,
688 3752 783 3850 quod
806 3750 947 3841 aulicam
968 3771 1065 3826 atto·
1140 3772 1146 3784 ·

582 3999 585 4008 ,
694 3991 703 4000 .

401 4039 405 4047 ,
460 4011 489 4045 Ε,
