2932 4824
367 323 431 396 162
517 319 691 393 AELll
738 313 1175 388 SPARTIAN'I

359 482 481 554 Roma
499 499 619 548 omnes
638 474 724 546 ades
744 473 1008 572 publicas,quae
1023 471 1112 548 vitio
1125 491 1322 571 temporum
1441 535 1442 542 ,

359 585 800 678 labebantur,instauravit,
811 584 972 682 nusquam
988 609 1096 681 prope
1108 584 1168 657 suo
1180 581 1323 658 nomine
1441 647 1442 682 ,

359 697 528 794 adscripto
538 751 550 787 ,
561 694 697 768 servatis
707 713 818 768 tamen
830 692 956 788 ubique
967 691 1074 766 titulis
1087 690 1323 766 conditorum.
1441 761 1442 764 ,

359 806 514 880 Moriens
531 804 655 900 septem
676 826 846 878 annomm
866 826 1059 889 canonem,
1081 803 1127 875 ita
1146 821 1184 876 ut
1201 801 1321 901 quoti·

358 919 456 992 diana
470 917 669 1014 septuagena
683 911 949 1012 quinquemillia
965 912 1160 986 modiorum
1173 909 1322 1008 expendi

347 1021 512 1126 nollent,
534 1025 690 1121 reliquit:
710 1021 779 1096 olei
803 1045 891 1095 vero
912 1038 1063 1110 tantum,
1079 1043 1118 1094 ut
1141 1047 1201 1118 per
1219 1021 1321 1118 quin·

359 1138 546 1238 quennium
564 1161 637 1210 non
657 1135 767 1208 solum
788 1132 893 1207 Urbis
913 1133 1050 1222 ufibus,
1075 1132 1131 1209 sed
1152 1133 1190 1204 bc
1213 1131 1321 1206 totius
1441 1193 1442 1218 ,

357 1247 473 1332 ltalia,
484 1267 562 1342 qua
572 1242 653 1317 oleo
668 1255 793 1338 egeret,
808 1238 983 1313 sufficeret.
997 1237 1126 1311 Ultima
1136 1238 1242 1316 verba
1250 1237 1322 1334 ejus
1441 1223 1442 1294 Ϊ

289 1404 293 1412 ·
357 1357 518 1432 dicuntur
536 1358 608 1431 haec
630 1353 753 1428 suilla:
781 1357 952 1426 Turbatam
975 1356 1191 1448 rempublicam
1213 1357 1321 1448 ubiqrac
1441 1383 1442 1386 ¹

360 1475 489 1562 accepi,
507 1491 658 1564 pacatam
679 1468 772 1539 caiam
801 1468 971 1537 Britannis
993 1468 1154 1560 relinquo:
1164 1464 1322 1556 scara&
1441 1531 1442 1534 ,

356 1585 489 1676 pedibus
509 1605 606 1686 argare
614 1581 744 1670 firmum
758 1579 921 1669 imparium
942 1581 1119 1648 Antoninis
1133 1581 1207 1648 mais
1226 1579 1322 1647 ralia·

359 1715 475 1784 quens,
483 1689 519 1787 fi
526 1691 603 1760 boni
613 1707 702 1758 arant
711 1716 727 1774 ,·
740 1685 987 1785 imbecillum,fi
998 1684 1188 1759 malialullit
1200 1684 1323 1759 deinde
1441 1717 1442 1754 1

263 1784 265 1798 ¹
359 1799 490 1896 lignum
516 1797 658 1868 tribuno
681 1796 777 1886 dari,
798 1799 1018 1870 bleranus:
1045 1795 1122 1893 quia
1145 1795 1322 1887 Pertinax,

359 1904 498 2002 quando
517 1902 550 1972 in
575 1903 753 1998 imperium
776 1901 918 1976 adscitus
931 1903 998 1992 ell,
1013 1901 1140 2002 lignum
1159 1903 1322 1996 dederat,

359 2018 548 2086 Miliccmus.
571 2015 753 2083 Fortunam
772 2009 892 2084 deinde
908 2011 1033 2108 regiam
1046 2066 1056 2101 ‚
1068 2036 1143 2108 qua
1163 2012 1321 2085 comitari
1441 2019 1442 2106 l

318 2113 322 2120 ’
359 2119 532 2214 Principes
557 2119 593 2190 δι
621 2117 657 2188 in
682 2117 847 2201 cubiculis
868 2118 953 2215 poni
972 2118 1100 2194 solebat
1114 2175 1126 2210 ,
1151 2120 1321 2218 geminare

267 2233 274 2242 “
358 2229 535 2317 statuerat,
553 2242 590 2300 nt
606 2226 851 2306 sacratiffimum
872 2227 1085 2304 simulacrum
1106 2228 1242 2326 utrique
1267 2255 1322 2304 re·
1347 2325 1349 2330 ,

358 2338 530 2438 linqueret
547 2335 724 2410 liliorum:
745 2336 801 2409 sed
826 2360 905 2411 curn
923 2338 1073 2429 videret,
1094 2339 1127 2412 le
1149 2341 1321 2438 perurgeri
1441 2415 1442 2418 ,

359 2447 422 2522 sub
439 2448 556 2520 horam
571 2446 706 2534 mortis,
724 2444 843 2539 juffille
860 2447 983 2536 lectur,
1001 2467 1039 2520 ut
1056 2449 1190 2524 alternis
1204 2449 1320 2524 diebus
1441 2453 1442 2538 g

359 2557 451 2652 apud
464 2555 554 2632 filios
572 2561 793 2651 imperatores
807 2555 843 2630 in
857 2555 1022 2631 cubiculis
1039 2539 1188 2662 initura
1209 2583 1322 2658 pone·
1441 2561 1442 2578 ³

360 2686 465 2740 retur.
479 2669 584 2758 Quod
604 2667 773 2740 Baffianus
793 2667 884 2764 prius
901 2668 1100 2760 contemsit,
1112 2694 1213 2767 quam
1228 2669 1321 2744 face·

359 2794 411 2848 rer
436 2774 663 2868 parricidium.
772 2783 776 2790 ’

407 2875 539 2960 XXIV.
563 2885 701 2980 Corpus
717 2884 790 2979 ejus
809 2910 828 2958 a
852 2884 1024 2992 Britannia
1047 2889 1191 2962 Romam
1214 2888 1319 2989 usque

359 3022 437 3072 cum
467 3021 587 3094 magna
615 2994 880 3092 provincialium
911 2995 1099 3070 reverentia
1130 2997 1318 3094 susceptum
1425 3012 1429 3038 ⁴

358 3105 427 3178 est:
447 3104 600 3200 quamvis
621 3103 725 3200 aliqui
743 3104 895 3177 urnulam
915 3129 1050 3190 auream
1072 3124 1202 3178 tantum
1225 3106 1319 3180 faiae
1441 3119 1442 3124 ’

358 3213 494 3300 dicant,
507 3213 622 3285 Seueri
647 3213 803 3311 reliquias
822 3213 1082 3303 continentem,
1109 3219 1318 3312 eandemque

353 3322 613 3402 'Antoninorum
626 3321 781 3418 sepulcro
792 3323 938 3413 illatam,
956 3349 1033 3398 cum
1046 3327 1224 3422 Septimius
1239 3327 1317 3400 Per·

357 3432 451 3504 tinax
470 3433 614 3504 Severus
630 3432 700 3504 illic
709 3485 721 3520 ,
731 3431 788 3502 ubi
803 3432 873 3504 vita
889 3431 1020 3506 functus
1032 3434 1317 3523 est,elierincen·

355 3541 420 3614 sus.
431 3541 760 3638 Cum-Septizonium
778 3539 921 3629 faceret,
933 3542 1015 3613 nihil
1028 3543 1117 3616 aliud
1132 3543 1314 3640 cogitavit,
1441 3551 1442 3562 ’

349 3677 459 3749 ⁴quam
474 3673 513 3724 ur
530 3678 571 3723 ex
586 3652 700 3726 Africa
716 3650 928 3724 venientibus
945 3653 1039 3725 suum
1052 3678 1141 3746 opus
1156 3677 1316 3727 occurre·

356 3782 428 3836 ret:
447 3767 486 3840 bc
506 3762 569 3842 nili
582 3762 720 3842 absente
745 3769 872 3860 espec
897 3761 1092 3843 Praefectum
1118 3763 1222 3840 Urbis
1245 3787 1316 3840 me·
