2884 4828
284 339 938 416 panstunxtutettatott.
1023 363 1085 414 ιιι
1135 305 1137 310 ’

133 597 137 603 1
175 507 230 579 111.
254 507 385 600 lntegre
403 502 434 576 se
456 501 561 598 usque
582 503 624 574 ad
644 501 754 601 Syriae
771 489 920 600 regimen
934 503 1091 577 Pertinax

4 621 7 632 '
56 675 81 696 „
128 613 254 688 tenuit:
280 614 355 708 post
381 611 547 688 excelsum
577 636 664 686 vero
693 613 820 700 Marci,
848 612 1090 706 pecuniosu-

128 723 219 816 duitt
241 749 347 822 quare
362 723 463 797 etiam
482 722 579 796 diflis
599 721 824 820 popularibus
846 721 893 793 est
917 721 1092 797 taceffitus.

129 833 271 906 Curiam
297 835 486 907 Romanam
514 833 590 929 post
614 850 763 926 quatuor
788 829 984 924 provincias
1004 854 1093 903 con·

129 939 270 1028 solares,
283 944 365 1040 quia
387 942 596 1017 consulatum
614 941 730 1015 absens
748 939 983 1040 gesserat,jam
997 941 1094 1015 dives
1129 939 1135 948 ’

129 1051 290 1149 ingressus
307 1053 377 1140 esl3
398 1077 474 1125 cunt
487 1077 561 1124 eam
580 1053 724 1124 Senator
745 1070 848 1156 antea
863 1077 934 1126 non
951 1051 1097 1124 vidisset.
1146 1077 1157 1088 ·

98 1157 109 1164 ”
131 1161 148 1233 J
151 1159 235 1234 ussus
249 1161 297 1234 est
309 1179 472 1256 preterea
486 1159 594 1234 statim
608 1185 626 1232 a
642 1160 794 1231 Perenne
812 1160 845 1230 in
865 1161 1032 1258 Liguriam
1048 1159 1093 1230 se·

129 1273 250 1346 cedere
265 1272 306 1368 in
331 1272 449 1343 villam
470 1293 658 1367 paternam:
682 1293 759 1342 nant
781 1291 876 1364 pater
896 1271 1095 1375 ejusyaber·
1181 1286 1183 1291 ’

129 1408 212 1454 nam
226 1381 430 1474 codiliciam
449 1381 485 1452 in
508 1380 645 1477 Liguria
663 1400 872 1454 exercuerat.
891 1382 947 1454 sed
967 1383 1096 1478 postea·

128 1511 233 1583 quam
250 1487 285 1558 in
303 1487 473 1585 Liguriam
494 1486 610 1574 venir,
629 1486 744 1560 multis
767 1485 854 1584 agris
865 1486 1026 1571 coemtis,
1047 1505 1097 1559 ta·

129 1597 269 1670 bernam
285 1616 478 1693 paternam,
498 1614 655 1670 manente
673 1595 783 1669 forma
804 1597 940 1694 priore,
956 1594 1097 1670 infinitis

131 1703 285 1781 aedificiis
306 1705 545 1782 circumdedit:
574 1704 706 1805 fuitque
725 1705 797 1780 illic
814 1733 873 1802 per
888 1707 1099 1799 triennium,

91 1813 96 1820 ’
133 1819 172 1889 &
184 1835 348 1890 mercatus
363 1815 410 1888 est
423 1841 481 1913 per
495 1815 573 1890 suos
593 1816 722 1890 servos.
737 1818 866 1892 Occiso
884 1817 962 1891 sane
976 1819 1098 1890 Peten-

132 1924 195 2013 ni,
215 1926 617 2000 Commodus'Pertinaci
640 1925 815 2016 satisfecit,
832 1951 979 2025 eumque
1001 1927 1097 2023 petiit

131 2059 194 2131 per
215 2036 405 2126 literas„ut
433 2038 474 2110 ad
490 2038 694 2111 Britanniam
718 2039 997 2133 proficisceretur.
1015 2061 1097 2134 pro·-

134 2143 466 2243 seflusque‚milites
481 2148 524 2219 ab
537 2143 633 2220 omni
649 2147 814 2220 seditione
827 2147 1004 2219 deterruit:
1021 2172 1098 2220 cum

132 2251 190 2326 illi
211 2281 449 2354 quemcunque
481 2256 716 2353 imperatorem
741 2255 869 2329 vellent
891 2255 1037 2341 habere,
1061 2257 1100 2330 &

133 2361 240 2460 ipsum
263 2364 447 2463 specialiter
466 2369 687 2441 Pertinacem.
704 2369 738 2440 T
739 2391 804 2440 unc
823 2364 981 2438 Pertinax
999 2365 1099 2434 male-

134 2471 300 2545 volentiae
318 2467 434 2545 notam
453 2473 575 2563 subiit,
591 2473 686 2570 quod
706 2473 814 2547 diuus
835 2473 880 2544 esl
901 2469 1099 2544 insimulasse

133 2580 225 2676 apud
246 2581 482 2653 Commodum
503 2581 647 2654 affectati
667 2581 801 2676 imperii
815 2579 993 2652 Antistium
1013 2579 1098 2650 Bur·

135 2715 210 2794 rom
221 2746 234 2779 ,
245 2693 283 2764 dt
297 2689 437 2762 'Arrium
462 2679 689 2764 Antoninum.
702 2693 745 2762 Et
760 2689 941 2764 seditiones
953 2690 1097 2785 'quidem

73 2847 81 2866 ι
134 2821 259 2877 contra
283 2799 349 2897 ipse
366 2799 573 2898 compescuit
589 2801 624 2874 in
640 2799 827 2874 Britannia:
850 2823 969 2874 verum
982 2800 1100 2898 ingens

134 2911 324 3010 periculum
353 2911 457 3000 adiit,
479 2909 643 2985 seditione
665 2910 1099 3010 legionispaene'occisus,

134 3038 227 3095 cette
245 3023 335 3094 inter
346 3021 479 3098 occisos
494 3023 640 3096 relictus.
658 3047 759 3118 quarn
773 3022 995 3118 quidemrem
1011 3020 1099 3092 idem

138 3127 297 3202 Pertinax
321 3130 483 3204 acerrime
503 3129 706 3229 vindicavit.
721 3129 882 3226 Denique
903 3130 1015 3225 possea
1037 3153 1100 3204 te·

6 3281 7 3318 ³
135 3239 228 3311 niam
245 3235 423 3340 legationis
440 3240 539 3344 petiit
553 3294 564 3329 ,
579 3241 712 3332 dicens,
726 3241 788 3315 sibi
801 3244 850 3314 ob
868 3241 1035 3316 defensam
1050 3240 1100 3315 di·

68 3423 69 3427 ,
136 3343 714 3445 sciplinaminfestaselselegionet.
795 3386 799 3395 ·

133 3503 140 3516 .
200 3457 261 3527 lV.
285 3461 440 3552 Accepto
466 3454 668 3547 successore,
696 3457 935 3530 alimentorum
961 3454 1100 3531 cicuta

137 3565 294 3636 mandata
317 3563 380 3640 esi:
401 3565 522 3639 deinde
546 3567 734 3641 Proconsul
759 3565 884 3640 Africae
913 3563 1016 3637 sadus
1042 3563 1124 3637 est..

138 3677 177 3749 ln
190 3685 262 3773 quo
278 3676 516 3772 proconsulatu
533 3677 654 3749 multas
669 3675 849 3748 seditiones
866 3669 1033 3770 perpessus
1047 3671 1099 3742 di·

140 3787 254 3880 citur,
270 3785 565 3864 vaticinationibus
580 3811 711 3880 earum,
725 3810 801 3888 quae
816 3786 857 3862 de
870 3782 999 3880 templo
1013 3781 1098 3856 Coe·
