2782 4814
312 345 799 447 napurtuus
992 375 1031 426 n

68 501 149 595 jano
169 501 347 598 acquisitas
371 502 525 602 reliquit:
550 506 587 578 δι
605 503 795 594 theatrum,
813 506 906 602 quod
925 504 981 580 ille
1000 508 1038 582 in

69 635 191 704 campo
209 612 336 682 Martio
353 610 530 708 posuerat,
553 629 676 711 contra
696 611 854 684 omnium
875 631 959 686 vota
977 614 1040 686 de-·

3 755 4 794 r
70 717 196 792 struxit.
206 723 248 790 Et
262 721 333 792 haec
344 719 480 815 quidem
493 745 535 792 eo
544 719 692 793 tristiora
706 717 930 812 videbantur,
941 721 1038 819 quod

3 893 4 908 ,
71 825 205 916 omnia,
227 851 303 924 quae
325 827 500 926 displicere
524 829 655 905 vidisset
671 829 877 921 Hadrianus,
901 834 1040 906 manda-

70 960 105 1009 ta
133 938 191 1009 fibi
210 991 220 1026 ‚
242 955 281 1008 ut
306 937 453 1025 faceret,
477 941 616 1017 decreto
645 938 785 1036 Traiani
812 940 876 1016 esse
907 939 1039 1017 fimula·

3 1099 5 1128 ,
71 1045 140 1118 bat.
158 1047 245 1118 Cum
263 1048 408 1138 Attiani,
419 1049 566 1145 praesesli
583 1049 632 1124 sui
647 1051 685 1124 δι
701 1050 875 1148 quondam
892 1038 1037 1142 tutoris,

3 1147 4 1154 '
72 1154 260 1250 potentiam
283 1155 370 1229 serre
389 1181 463 1235 non¹
479 1160 607 1254 posset,
625 1159 715 1232 nisus
733 1159 780 1232 est
797 1185 875 1233 eum
893 1159 1038 1234 obtrun-

72 1291 167 1338 care:
191 1265 248 1340 sed
268 1286 448 1340 revocatus
467 1269 537 1359 est,
555 1267 634 1367 quia
654 1267 721 1363 jam
743 1287 892 1366 quatuor
913 1270 1037 1342 consu·

72 1373 191 1446 larium
215 1375 408 1455 occisorum
428 1377 600 1471 (quorum
619 1377 755 1474 quidem
776 1401 894 1451 necem
914 1377 948 1449 in
974 1385 1039 1450 At·

3 1517 4 1530 ¹
74 1485 152 1557 tiani
176 1484 319 1558 consilia
334 1485 558 1586 refundebat)
577 1488 791 1584 premebatur
815 1486 954 1562 invidia.
969 1489 1038 1562 Cui

75 1621 145 1668 cum
168 1596 390 1670 successorem
413 1598 491 1670 dare
511 1589 733 1692 non'polset,
755 1596 921 1694 quianon
945 1591 1037 1692 pete·

3 1715 5 1730 '
74 1709 146 1792 bat,
167 1707 202 1778 id
228 1706 317 1804 egit,
339 1726 376 1780 ut
398 1726 543 1803 peteret:
563 1727 664 1806 atque
681 1708 740 1781 ubi
758 1709 902 1806 primum
920 1709 1037 1804 petiit,

3 1801 5 1814 ι
60 1814 106 1886 in
128 1815 329 1888 Turbonem
357 1817 519 1890 transtulit
546 1817 766 1912 potestatem:
796 1845 873 1894 cum
889 1818 1036 1918 quidem

73 1923 168 1996 etiam
181 1923 417 2013 Simili,alteri
428 1926 800 2026 praeseslo,Septitium
813 1929 950 2003 Clarum
963 1929 1037 2003 suc·

3 2077 4 2082 κ
74 2033 234 2120 cessorem
254 2033 355 2106 dedit.
372 2029 554 2109 Summotis
575 2036 625 2108 his
646 2038 892 2132 apraeseslura,
911 2037 1037 2135 quibus

4 2235 5 2238 Ἴ
73 2143 648 2243 debebatimperium,Campaniam
661 2145 906 2244 petittejusque
921 2146 1037 2220 omnia

3 2287 4 2300 2
75 2254 200 2350 oppida
220 2254 391 2329 beneficiis
406 2259 443 2330 δι
463 2257 701 2355 largitionibus
718 2257 926 2346 sublevavit,
944 2261 1037 2354 opti·

75 2389 164 2436 mum
184 2389 355 2462 quemque
371 2367 527 2460 amicitiis
547 2367 610 2441 suis
630 2366 784 2466 jungens.
803 2370 924 2440 Romae
948 2359 1036 2436 vero

75 2498 260 2572 pratorum
279 2480 318 2551 &
340 2478 518 2552 consulum
541 2479 657 2553 officia
676 2477 926 2576 frequentavit:
948 2501 1038 2548 con·

75 2589 176 2660 viviis
200 2587 387 2660 amicorum
406 2588 582 2660 interfuit:
602 2613 709 2684 aegros
726 2589 777 2660 bis
793 2613 832 2660 ac
846 2606 895 2660 ter
909 2587 982 2672 die,
996 2590 1037 2666 dc

77 2701 264 2772 nonnullos
291 2700 423 2797 equites
443 2701 620 2771 Romanos
643 2723 682 2770 ac
704 2697 903 2786 libertinos,
919 2699 1037 2770 visua·

77 2807 145 2896 vit,
162 2807 291 2880 solatiis
308 2807 455 2897 refovit,
469 2805 617 2902 consiliis
636 2804 847 2894 sublevavit,
859 2806 1036 2880 conviviis

78 2915 139 2988 suis
154 2916 284 3012 semper
298 2916 459 2992 adhibuit.
481 2917 597 2988 omnia
613 2915 758 3012 denique
776 2917 818 2990 ad
832 2916 955 3012 privati
971 2917 1037 2988 ho·

79 3025 173 3096 minis
189 3025 330 3096 modum
348 3025 439 3099 fecit.
459 3025 579 3098 Socrui
598 3024 662 3098 suae
676 3025 827 3104 honores
844 3025 1035 3124 precipuos

79 3129 261 3226 impendit,
273 3131 360 3204 ludis
369 3131 575 3230 gladiatoriis
586 3184 597 3219 ,
610 3131 796 3233 ceterisque
810 3131 943 3204 officiis.

125 3245 169 3314 X.
189 3243 268 3314 Poll
284 3241 544 3340 haec'proseslus
560 3244 595 3314 in
617 3242 763 3331 Gallias,
782 3267 901 3316 omnes
920 3243 1037 3317 causa·¹

81 3352 133 3426 riis
151 3351 410 3429 liberalitatibus
433 3351 636 3427 sublevavit.
657 3352 737 3425 lnde
758 3351 793 3424 in
818 3353 1036 3424 Germaniam

5 3517 6 3522 1
83 3464 222 3537 transiit:
240 3463 396 3560 pacisque
417 3463 519 3562 magis
539 3489 640 3559 quam
659 3461 740 3534 belli
761 3461 919 3556 cupidus,
943 3460 1037 3532 mili·

85 3586 166 3660 tem,
188 3572 282 3670 quast
304 3555 428 3644 bellum
453 3571 666 3661 immineret,
689 3571 859 3671 exercuit,
882 3570 1036 3640 toleran-

86 3678 136 3750 tia
160 3680 378 3756 documentis
395 3707 472 3753 eum
494 3683 667 3768 imbuens3
693 3679 762 3777 ipse
786 3703 930 3778 quoque·
947 3677 1036 3750 inter

87 3780 303 3892 manipula‘res
315 3794 420 3870 vitam
433 3795 608 3871 militarem
621 3794 832 3890 magislrans,
838 3787 922 3884 cibis
936 3787 1046 3864 etium¹

282 4077 291 4108 l
