2856 4824
358 327 432 426 ηε
521 331 694 426 narr
743 327 1178 408 canant-ort

313 581 316 590 .
345 494 598 600 ‘Romanorum
621 510 720 590 gente
741 491 892 581 trahere,
907 491 987 589 quia
1005 517 1083 566 curn
1100 493 1250 588 pudebat
1265 495 1338 595 Sy:

364 627 441 676 rum
466 603 554 677 dici:
572 601 741 691 maxime,
755 606 850 699 quod
868 604 1019 702 quodam
1040 623 1197 699 tempore
1220 605 1336 697 sesto,

359 711 564 801 assolent,
589 707 854 797 Antiochenses,
879 709 1060 807 AEgyptii,
1084 711 1338 797 Alexandrini,

368 819 598 894 lacessiverant
615 841 693 892 eum
713 817 938 909 conviciolis,
955 825 1075 914 Syrum
1085 823 1338 920 Arclu'fynag'o·

365 961 440 1036 gum
462 954 538 1004 eum
563 951 745 1019 vocantes,
768 933 805 1004 δι
826 935 1006 1004 Archiam.
1034 1003 1040 1014 ,

419 1041 552 1116 ΧΧΙΧ.
571 1044 760 1136 Antequam
779 1040 819 1110 de
832 1037 928 1112 bellis
945 1037 1036 1132 ejus,
1049 1041 1087 1114 δι
1103 1037 1339 1135 expeditionis

364 1149 451 1238 bus,
466 1151 503 1224 δι
517 1148 668 1222 villoriis
683 1151 829 1246 loquar,
850 1149 977 1224 devita
995 1149 1191 1247 quotidiana
1210 1153 1248 1225 δι
1267 1151 1338 1223 do-

371 1260 508 1336 mestica
537 1285 644 1356 pauca
671 1260 830 1332 differam.
858 1258 947 1334 Usus
972 1259 1114 1333 vivendi
1141 1259 1249 1332 eidem
1280 1261 1339 1334 hic

374 1369 439 1442 suit
449 1359 614 1465 :primum
628 1387 687 1460 ut,
700 1368 724 1440 li
738 1367 876 1442 facultas
893 1367 992 1454 effer,
1006 1367 1041 1439 id
1053 1365 1150 1456 est,li
1169 1391 1239 1438 non
1257 1393 1339 1441 cum

366 1501 484 1556 rmore
506 1477 694 1567 cubuiffet,
709 1476 882 1550 matutinis
899 1474 992 1548 horis
1008 1475 1043 1546 in
1058 1475 1181 1550 larario
1204 1476 1288 1563 sno,
1303 1475 1337 1546 in

366 1610 446 1684 quo
465 1588 503 1660 δε
526 1585 626 1660 divos
648 1585 839 1682 Principes,
861 1583 918 1656 sed
943 1580 1116 1680 optimos,
1134 1585 1284 1674 elesius,
1301 1587 1340 1660 δι

368 1697 501 1770 animas
515 1695 714 1785 sanctiores,
724 1695 758 1768 in
770 1695 864 1792 queis
877 1693 914 1768 δι
927 1694 1151 1790 Apollonium
1161 1747 1173 1784 ,
1184 1697 1222 1769 δι
1232 1719 1339 1792 quan·

369 1824 447 1879 tum
473 1805 617 1902 scriptor
639 1805 777 1880 suorum
800 1823 997 1901 temporum
1013 1803 1120 1895 ¹dicit,
1141 1804 1339 1895 Christum,
1406 1899 1407 1906 ἵ

374 1913 566 2002 Abraham,
587 1916 625 1987 δι
648 1911 844 2008 Orpheum,
858 1915 897 1987 δι
919 1911 1111 2006 hujusmodi
1128 1931 1262 1986 ceteros
1278 1914 1340 1984 ha·

374 2022 497 2112 bebat,
511 2047 550 2096 ac
570 2019 736 2118 majorum
757 2021 908 2118 effigies,
927 2047 997 2096 rem
1016 2023 1165 2096 divinam
1183 2022 1340 2096 faciebat.

375 2129 410 2206 Si
430 2132 466 2204 id
492 2157 565 2208 non
587 2149 745 2229 poterat,
768 2154 834 2228 pro
861 2129 932 2205 loci
957 2133 1118 2231 qualitate
1143 2132 1201 2205 vel
1226 2133 1339 2206 vecta·
1406 2155 1407 2164 ¹

373 2241 497 2332 bautt,
518 2241 575 2316 uel
601 2239 807 2340 piscabatur,
833 2242 889 2318 vel
912 2241 1166 2329 deambulabat,
1194 2243 1252 2314 vel
1277 2267 1340 2315 ve·
1406 2241 1407 2290 ἕ

371 2353 528 2427 nabetur.
546 2350 684 2426 Dehinc
699 2351 723 2422 st
743 2351 829 2424 hora
849 2351 1074 2449 permitteret,
1087 2351 1213 2426 auibus
1227 2351 1340 2448 publi·
1406 2353 1407 2356 ’

374 2461 425 2536 eis
440 2459 515 2557 poli
530 2457 669 2534 multam
680 2460 801 2532 horam
814 2483 954 2555 operam
965 2460 1064 2533 dabat
1074 2513 1085 2550 ,
1097 2460 1229 2536 idcirco
1243 2459 1339 2556 quod

373 2571 419 2646 'bt
435 2593 486 2644 res
509 2569 661 2657 bellicae,
681 2571 719 2642 δι
744 2591 795 2641 res
820 2567 962 2658 civiles,
984 2588 1022 2642 ut
1044 2569 1193 2666 superius
1214 2570 1339 2642 dictum

372 2679 446 2768 esi,
467 2703 527 2774 per
547 2678 676 2754 amieos
700 2677 944 2768 trallabantur,
967 2677 1173 2755 sedsanslos
1195 2681 1234 2754 δι
1257 2678 1340 2752 fide·

373 2786 447 2874 les,
463 2789 500 2859 δι
518 2809 689 2883 nunquam
709 2785 864 2860 venales:
884 2787 922 2860 δι
938 2787 1084 2858 trabam.
1102 2784 1338 2875 firmabantur,

374 2893 440 2981 niti
456 2893 540 2992 quid
564 2894 651 2968 novi
668 2894 729 2992 ipsi
752 2895 852 2968 etiam
872 2897 1030 2991 placeret.
1053 2897 1138 2972 Sane
1160 2895 1184 2968 st
1205 2894 1340 2985 necessr-

375 3015 705 3100 1os.rcogetct,.ante
728 3002 838 3076 lucem
858 2998 988 3080 astibus
1003 3026 1142 3098 operam
1159 3003 1280 3090 dabat,
1303 3001 1339 3073 δι

373 3104 415 3203 jn
436 3104 572 3203 longam
597 3107 716 3180 ltorarn
739 3107 969 3204 producebat,
986 3130 1097 3202 neque
1113 3131 1263 3204 unquam
1280 3127 1337 3175 tte·

373 3211 510 3304 diavir,
523 3230 583 3286 aut
596 3212 772 3306 morosus,
783 3232 841 3288 aut
859 3212 962 3290 iratus
974 3212 1116 3303 resedit,
1130 3211 1244 3288 fronte
1257 3210 1339 3282 semi

377 3347 438 3422 per
462 3322 556 3420 pari,
579 3325 620 3400 &-
642 3325 738 3400 laetus
763 3325 805 3398 ad
831 3324 958 3400 omma.
979 3345 1051 3398 erat
1076 3322 1167 3398 enim
1195 3320 1338 3418 ingentis

375 3434 582 3528 prudentiae,
601 3437 637 3514 bc
657 3436 713 3508 cui
728 3457 831 3510 nemo
853 3435 960 3531 pollet
974 3434 1167 3530 imponere,
1182 3433 1222 3509 δε
1240 3455 1337 3528 quent

375 3540 554 3640 lialiquis
578 3541 707 3622 urbane
722 3558 864 3616 ,tentare
893 3541 1027 3632 voluit,
1054 3541 1245 3616 intellectus
1266 3538 1338 3614 tulit

375 3673 508 3750 poenas.

374 3815 382 3856 ·.
399 3806 401 3812 ·
424 3759 541 3840 XXX.
560 3760 738 3853 Pouauu
748 3759 993 3864 publicos,seu
1005 3757 1237 3854 bellicos,seu
1254 3755 1335 3838 civi
1403 3799 1404 3808 κ
