2782 4814
203 323 405 408 „rr-rsa
443 323 520 390 ar
551 322 845 392 tcnrrrn.
981 341 1074 400 xt.

73 481 153 548 dunt
167 479 258 550 verba
278 481 351 570 illu,
374 509 439 575 qttoe
461 484 576 568 adjecit
597 487 669 585 post
687 489 849 556 editionem
866 489 1028 580 primam:

75 587 277 680 Haeclunt,
297 616 373 684 quar
398 594 441 664 de
466 593 601 692 triginta
625 595 778 692 tyrannis
804 596 944 668 dicenda
971 595 1040 675 νὶι,

13 767 14 776 ,
74 695 259 770 dabantur:
274 723 360 793 quos
374 725 439 796 ego
453 702 487 772 in
502 729 606 773 unum
622 703 785 784 volumen
801 702 929 776 idcirco
943 727 1030 776 cott-

74 805 157 892 tuli,
176 831 238 897 ne,
260 807 284 883 li
307 809 347 881 de
363 809 497 908 stngulis
521 811 644 906 fingttla
669 835 814 906 quaeque
836 835 1033 901 narrarem,

13 921 14 970 ἶ
75 915 289 989 nascerentur
307 919 442 1015 indigna
465 919 611 1008 fastidia,
632 923 669 994 δι
695 945 753 1009 ea,
771 947 847 1013 qttae
873 919 961 995 ferre
980 921 1032 996 le·

13 1073 15 1116 ᾗ
77 1021 150 1094 ἃοτ
168 1047 240 1098 non
267 1027 383 1124 pollet.
405 1029 557 1102 Studiose
579 1032 613 1102 in
639 1031 751 1102 medio
775 1029 915 1104 feminas
935 1027 1031 1126 posui

13 1139 14 1228 j
74 1133 116 1202 ad
138 1134 317 1212 ludibrium
335 1136 501 1226 Gallieni,
523 1139 694 1236 quonibil
712 1139 936 1238 prodigiostut
956 1138 1033 1235 pas·
1138 1154 1145 1166 ·

13 1245 14 1300 ἒ
75 1238 106 1310 sa
132 1243 179 1314 est
208 1246 392 1340 respublica
415 1249 582 1320 Romana.
607 1250 709 1320 Duos
735 1249 832 1322 etiam
858 1273 950 1322 nunc
969 1265 1033 1348 ty·'

13 1335 15 1364 '
76 1373 225 1441 rannos,
249 1355 341 1449 quast
363 1374 456 1426 extra
478 1371 674 1446 numerum,
693 1357 786 1454 quod
808 1349 908 1430 alieni
929 1357 1034 1430 effent

77 1462 261 1556 temporis,
294 1465 485 1536 additurus:
515 1481 647 1550 umtm,
670 1466 730 1560 qui
760 1457 825 1538 fuit
857 1463 1034 1538 Maximini
1139 1529 1147 1536 .

77 1571 286 1664 temporibus
295 1597 310 1658 ·;
324 1574 461 1644 alterurn
474 1627 485 1662 ,
500 1574 557 1670 qui
575 1573 728 1664 Claudii,
745 1593 783 1646 ut
803 1592 1033 1672 tyrannorum

77 1679 183 1755 XXX
202 1683 268 1754 viri
290 1685 357 1757 hoc
378 1685 556 1757 volumine
578 1703 782 1758 teneremur.
802 1683 950 1774 Quaeso„
972 1679 1034 1779 qui

76 1785 249 1884 expletum
278 1789 344 1880 jam
368 1792 490 1864 librum
514 1815 716 1888 acceperas,
744 1793 828 1862 boni
856 1789 1044 1880 consulat,

77 1915 178 1994 atque
199 1901 264 1973 bos
284 1903 453 1974 volumini
476 1921 537 1975 tuo
563 1903 693 1975 volent¹¹
703 1901 823 1973 addas:
839 1922 927 1999 quos
943 1921 1033 1996 ego,

76 2009 360 2102 quemadmodum
386 2014 563 2086 Valentem
591 2013 797 2112 superiorem
824 2009 904 2084 huic
930 2011 1035 2084 volu·

78 2115 245 2203 minime
269 2119 343 2214 post
356 2121 532 2194 Claudium
559 2125 598 2194 &
624 2119 951 2208 Aurelianumbis,
974 2117 1034 2214 qui
1096 2131 1100 2137 '
1144 2121 1150 2135 '

80 2223 165 2298 inter
191 2228 349 2304 Tacitum
382 2234 419 2304 δι
451 2231 710 2304 Diocletianum
733 2229 892 2318 fuerunt,
914 2229 1036 2300 addere
1125 2237 1128 2245 “

80 2335 334 2418 destinaveram.
355 2340 419 2412 Sed
440 2363 589 2412 errorent
617 2363 728 2412 meum
752 2337 861 2428 major
887 2333 1037 2407 historia

80 2445 249 2544 diligentia
264 2470 329 2520 tuae
350 2435 550 2522 eruditionis
564 2450 697 2522 avertit.
714 2449 832 2520 Habeo
846 2445 947 2542 igitur
963 2467 1044 2542 grav
1070 2520 1075 2550 ι

14 2641 15 2644 ¹
81 2555 290 2655 tiam3-quod
308 2558 443 2630 titulum
467 2583 577 2630 meum
595 2556 782 2652 prudentia
797 2573 863 2625 tuae
882 2552 1038 2650 benigni·

80 2681 130 2734 tas
153 2663 320 2756 implevit.
343 2665 455 2736 Netno
478 2665 514 2734 in
536 2665 665 2760 templo
685 2663 776 2734 Pacis
801 2661 947 2734 ditlurus
970 2659 1036 2751 est,

80 2798 133 2848 me
150 2772 290 2846 feminas
315 2773 401 2846 inter
413 2791 597 2873 tyrannos,
613 2797 689 2846 cunt
713 2771 777 2846 tilu
797 2774 834 2846 &
846 2772 960 2866 ioco,
976 2789 1036 2870 ty·

48 2958 50 2968 ,
80 2909 197 2958 rannas
217 2883 398 2972 videlicet,
419 2887 457 2956 δι
479 2881 699 2982 tyrannides,
720 2900 759 2954 ut
781 2881 840 2976 ipsr
857 2881 899 2954 de
914 2907 968 2954 mc
982 2880 1037 2952 so·
1112 2873 1115 2880 ’

81 2994 150 3068 lent
177 2994 318 3086 jactare,
339 2993 493 3090 poluiffe.
515 2993 648 3064 Habent
673 2993 839 3088 integrum
860 3014 1038 3088 numerum

81 3129 120 3176 ex
148 3105 278 3178 arcanis
305 3101 510 3196 billoriaein
533 3125 631 3172 meas«
650 3099 760 3174 literas
784 3098 905 3171 datum.
937 3099 1039 3173 Titus
1131 3131 1132 3136 ¹

80 3216 190 3304 enim,
209 3217 248 3288 &
268 3211 494 3297 Censorinus,
515 3229 787 3306 quorum'unuS,
805 3225 844 3279 ut
863 3207 956 3297 dixi,
979 3207 1039 3280 sub

80 3322 292 3411 Maximin0‚
309 3322 392 3394 alter
410 3319 469 3394 sub
483 3317 631 3392 Claudio
650 3316 734 3407 suit,
745 3307 845 3389 ambo
864 3318 907 3390 ab
924 3316 1039 3389 iisdem

80 3429 259 3512 militibus,
274 3427 425 3524 aquibus
439 3452 584 3524 purpura
599 3425 700 3498 velati
720 3424 869 3515 fuerant,
882 3426 1040 3499 interem-

81 3540 106 3612 ti
127 3539 212 3612 sunt.
236 3543 398 3612 Hadtnus
419 3541 535 3614 Pollio.
560 3541 664 3632 Atque
680 3538 735 3608 'ita
753 3541 810 3608 illc
833 3541 954 3630 quidam
978 3561 1039 3608 tat·
1134 3571 1135 3574 ¹
1180 3601 1184 3610 ,

77 3656 175 3746 plenia
196 3677 357 3745 nunttrtnn
378 3653 508 3746 triginta
527 3652 684 3735 virumn,
700 3651 755 3742 qtti
774 3649 970 3741 tyrannidem
989 3647 1041 3716 in·

80 3757 249 3861 tastfftnt:
271 3765 357 3857 sed,
369 3763 408 3863 fi
430 3767 536 3835 denras
560 3755 809 3852 Zenobiam&
837 3757 1038 3844 Viderinma
1081 3748 1089 3764 ’
1126 3858 1128 3864 ¹
1199 3809 1206 3829 t
