2856 4824
299 441 303 450 ι
364 367 432 437 ηι
523 337 1179 420 anirunurarbrr

361 501 473 593 num,
498 520 535 576 ut
560 501 796 599 popinarium,
819 523 857 576 ur
883 503 1129 594 tabernarium,
1157 525 1197 579 ut
1222 505 1339 582 leno·⁴

362 643 461 704 nem;
482 615 581 712 idque
600 631 712 688 totum
731 615 828 688 domi
845 615 973 713 semper
992 619 1155 696 exercuit.
1175 621 1324 696 Sexcen-

360 746 477 800 torum
505 720 729 796 struthionum
756 723 865 820 capita
885 749 952 800 una
972 749 1073 802 coena
1092 726 1208 802 multis
1229 755 1323 804 rnen·

361 836 402 908 sis
419 831 571 908 exhibuit
587 830 629 904 ad
648 830 777 906 edenda
794 835 968 910 cerebella.
987 835 1149 911 Exhibuit
1168 837 1323 936 aliquan-

361 947 407 1017 do
435 947 473 1020 δι
492 943 558 1016 tale
576 943 803 1034 convivium,
821 962 861 1018 ut
878 946 1014 1020 baberet
1036 946 1159 1045 viginti
1184 950 1224 1024 δι
1250 951 1322 1046 duo

361 1051 490 1128 fercula
515 1051 700 1150 ingentium
717 1052 914 1151 epularum,
935 1044 989 1130 sed
1009 1079 1067 1152 per
1082 1055 1207 1154 fingula
1226 1057 1323 1132 lavar-

263 1211 271 1222 =
302 1227 304 1234 .
361 1181 458 1253 rent,
479 1165 518 1241 δι
550 1163 748 1240 mulieribus
774 1184 950 1248 uterentur
972 1165 1011 1240 dc
1034 1165 1104 1262 ipse
1131 1169 1170 1240 δι
1196 1166 1323 1253 amici,

361 1297 439 1346 cum
456 1272 695 1368 jurejurando,
707 1277 803 1376 quod
823 1277 993 1366 efficerent
1013 1278 1236 1374 uoluptatem.
1251 1277 1321 1350 Ce·
1339 1362 1345 1388 Ι

360 1385 505 1460 lebravit
522 1387 603 1460 item
622 1385 688 1462 tale
703 1386 927 1477 convivium,
941 1405 980 1462 ut
997 1388 1087 1484 apud
1105 1385 1234 1463 amicos
1253 1386 1320 1458 lin·

360 1493 460 1590 gulos
477 1493 598 1593 finguli
610 1494 725 1570 mlllua
735 1507 994 1593 appararentur,
1005 1499 1042 1571 δι
1053 1521 1129 1570 cum
1145 1497 1231 1568 alter
1251 1519 1321 1566 ma·

362 1619 458 1676 neret
478 1602 515 1677 in
535 1601 735 1706 Capitolio,
758 1605 843 1679 alter
866 1604 902 1678 in
929 1603 1078 1694 Palatio,
1109 1605 1194 1678 alter
1221 1601 1321 1699 super

361 1713 527 1809 Aggerem
537 1764 549 1802 ,
567 1711 651 1788 alter
667 1713 705 1786 in
723 1714 860 1804 Coelio,
879 1712 963 1786 alter
982 1731 1074 1786 trane
1088 1711 1264 1800 Tiberim,
1283 1713 1321 1784 ἀ

363 1837 402 1892 ut
421 1818 563 1918 quisque
576 1821 759 1912 manlill'et,
778 1842 890 1896 tamen
907 1845 968 1917 per
981 1819 1134 1896 ordinem
1147 1821 1183 1892 in
1200 1844 1321 1893 eorum

224 1951 229 1968 ι
361 1925 520 2013 domibus
552 1926 680 2026 lingula
710 1927 837 2002 fercula
861 1930 1057 2020 ederentur,
1079 1928 1253 2025 ireturque
1281 1927 1322 2001 ad

361 2035 518 2108 omnium
532 2036 674 2112 domos:
688 2039 732 2112 sic
747 2064 852 2112 unum
871 2039 1076 2114 cobviuium
1089 2037 1151 2112 vix
1169 2054 1252 2112 toto
1267 2037 1321 2110 die

230 2157 233 2166 '
364 2143 497 2218 finitum
519 2143 586 2237 est,
611 2173 687 2222 cum
708 2149 747 2224 dc
769 2149 923 2224 lavarent
947 2171 1006 2246 per
1024 2147 1153 2253 lingula
1174 2145 1322 2232 fercula,

361 2257 401 2330 δι
418 2253 614 2356 mulieribus
631 2276 819 2333 uterentur.
837 2258 1064 2357 Sybariticum
1087 2256 1218 2330 milium
1239 2255 1321 2328 sern-

361 2389 421 2460 per
437 2366 589 2442 exhibuit
606 2393 650 2440 ex
668 2368 750 2442 oleo
766 2369 805 2442 δι
811 2391 1038 2492 ’garoequem
1056 2389 1129 2464 quo
1145 2388 1238 2440 anno
1256 2368 1321 2462 Sy·
1417 2371 1418 2374 ’

362 2475 478 2548 baritae
500 2495 720 2573 repererunt,
749 2477 932 2574 perierunt.
957 2475 1156 2552 Dicitur&
1183 2473 1321 2546 balneas

301 2671 304 2678 ¹
361 2581 475 2658 fecisse
489 2586 602 2661 multis
615 2587 723 2676 locis,
734 2613 774 2664 ac
782 2588 881 2662 semel
889 2587 1006 2662 laurffe
1013 2605 1133 2684 atque
1145 2587 1254 2658 statim
1267 2588 1321 2658 de·

361 2693 537 2784 struxiffe,
554 2719 597 2768 ne
614 2719 657 2770 ex
676 2695 735 2790 ufir
755 2695 888 2773 balneus
908 2697 1056 2771 haberet.
1075 2699 1152 2772 Hoc
1169 2695 1259 2770 idem
1275 2695 1321 2766 de

363 2801 542 2894 domibus,
557 2805 598 2875 de
612 2804 802 2898 praetoriis,
818 2805 860 2878 de
879 2804 960 2880 z'etis
976 2803 1085 2880 fecille
1103 2803 1238 2880 dicitur.
1257 2803 1320 2876 Sed

363 2912 400 2982 δι
418 2910 491 2988 hee
505 2909 669 3008 nonnulla
687 2909 787 2984 fidem
803 2911 1031 3000 transeuntia,
1042 2909 1145 2986 credo
1165 2911 1231 2985 elle
1246 2908 1320 2982 flua

351 3017 441 3091 'ab
419 3042 481 3112 us,
494 3019 553 3117 qui
572 3016 764 3118 ingratiam
779 3021 964 3096 Alexandri
984 3019 1242 3158 Heliogabalum
1258 3021 1320 3094 de·

363 3127 723 3204 formarevoluerunt.
844 3133 861 3153 ‘

409 3240 540 3312 XXXI.
563 3242 678 3314 Fertur
697 3241 736 3314 δι
755 3241 963 3316 meretricem
977 3239 1180 3316 noriffimam
1194 3242 1232 3319 δι
1245 3239 1323 3337 pul·

362 3345 563 3422 cherrimatn
591 3348 762 3423 redemille
786 3373 923 3426 centum
946 3347 1151 3438 sestertium,
1176 3371 1322 3446 eamque

360 3459 537 3548 intudem,
550 3458 643 3534 velut
666 3459 833 3558 virginem
851 3459 1000 3536 coluiffe.
1016 3459 1105 3536 Huic
1123 3459 1232 3550 eidem
1246 3457 1320 3554 pri·

361 3591 536 3645 unrocum
556 3570 692 3669 quidam
713 3569 860 3659 diceret,
879 3573 956 3642 Non
975 3572 1065 3642 rimus
1078 3596 1201 3664 pauper
1213 3569 1317 3659 fieri?

293 3763 299 3772 ⁸
359 3679 475 3753 dixlrle
492 3679 632 3769 dicitur,
655 3681 747 3774 Quid
767 3683 898 3766 melius,
920 3703 1013 3772 quam
1033 3699 1069 3750 ur
1085 3677 1148 3769 absc
1166 3678 1245 3746 mihi
1261 3678 1316 3746 be·

293 3802 296 3808 '
356 3817 403 3864 res
430 3819 475 3862 am
494 3787 528 3864 e
546 3793 640 3862 uxori
663 3779 763 3862 mace?
790 3789 961 3885 Habuerat
983 3805 1143 3886 praeterea
1165 3783 1311 3864 facrtlta·¹
