2932 4824
314 311 460 384 gno
541 288 713 364 AEtlt
763 283 1207 360 SPARTIANI

386 461 460 522 tum
482 441 641 532 audisset,
666 463 777 538 neque
798 459 925 537 patrem
949 440 1061 530 suum,
1083 466 1193 540 neque
1221 465 1356 542 patrem

387 556 505 654 pueri,
531 554 587 628 vel
609 552 764 626 audlores
793 552 993 640 verberum,
1014 551 1072 624 diu
1098 556 1256 650 relpexit.
1281 560 1359 629 An·

387 661 620 746 tioclrensrbus
640 661 678 736 δι
705 661 758 758 By
799 658 877 732 utiis
899 659 1096 734 interventu
1120 661 1181 736 suo
1199 664 1276 759 jura
1296 693 1357 740 ve·

388 773 476 848 tulla
500 770 665 846 restituit:
690 772 777 867 quib
841 773 944 845 iratus
970 768 1231 864 funderetur,
1258 775 1356 873 quod

386 882 535 980 Nigrum
548 879 721 978 juverant.
730 878 895 953 Plautiani
908 879 1025 952 odium
1035 879 1264 970 ,erudelitatis
1277 909 1357 957 cau·

388 991 426 1065 sa
449 992 619 1088 concepit.
636 991 726 1084 Quae
745 1014 765 1091 a
785 989 978 1086 parentibus
995 993 1100 1087 gratia
1122 991 1356 1087 figillariorum

390 1119 588 1206 acceperat,
609 1124 649 1174 ea
669 1100 727 1172 rel
753 1097 955 1193 clientibus,
977 1099 1034 1174 vel
1052 1101 1215 1200 magistris
1235 1105 1358 1202 sponte

388 1208 548 1284 donavit.
560 1208 626 1280 Sed
638 1207 711 1282 brec
727 1231 820 1304 puer.

440 1297 483 1391 lt·
501 1315 652 1415 Egressus
674 1339 760 1390 vero
782 1315 979 1412 pueritiam,
1000 1315 1056 1390 seu
1073 1316 1176 1416 patris
1193 1319 1358 1407 monitis,

250 1455 254 1466 ¹
393 1426 452 1501 seu
468 1426 649 1501 calliditate
666 1424 815 1521 ingenii,
827 1425 1006 1524 mequod
1019 1425 1051 1500 se
1068 1427 1266 1502 Alexandro
1282 1434 1360 1502 Ma·

394 1561 464 1637 gno
481 1533 663 1609 Macedoni
681 1533 881 1632 aquandum
901 1535 1269 1629 putabatfrellridiior,
1286 1565 1360 1637 gra·

395 1647 497 1735 vior,
521 1644 619 1722 vultu
636 1643 736 1717 etiam
763 1643 987 1719 truculentior
1008 1643 1111 1718 fadlus
1132 1645 1198 1733 eu,
1219 1650 1357 1743 prorsus

396 1774 520 1828 uteum
531 1805 543 1844 ‚
555 1777 655 1848 quem
672 1759 813 1850 puerur'n
832 1751 995 1844 scierant,
1009 1753 1106 1828 multi
1121 1755 1270 1830 ellenon
1285 1783 1361 1830 cre·

397 1864 525 1935 derent.
547 1863 778 1934 Alexandrum
797 1866 958 1959 Magnum
978 1861 1114 1962 ejusque
1133 1865 1221 1962 gella
1242 1865 1278 1938 in
1299 1893 1361 1942 ore

286 1966 290 1975 “
396 1973 527 2070 semper
552 1972 679 2048 habuit.
702 1971 940 2048 Tiberium&
970 1973 1091 2048 Sullam
1116 1971 1152 2046 in
1183 1997 1362 2050 conventu

397 2083 595 2182 plerumque
616 2083 777 2158 laudavit.
799 2083 898 2160 Patre
918 2084 1095 2180 superbior
1116 2083 1198 2158 fuit:
1225 2084 1363 2159 fratrem

329 2259 331 2264 .
397 2217 516 2292 magna
536 2192 606 2288 ejus
633 2190 821 2267 humilitate
848 2190 1010 2288 despexit.
1034 2192 1114 2266 Post
1139 2195 1246 2290 patris
1267 2217 1363 2268 mur·

397 2320 467 2375 tem
489 2304 525 2376 in
544 2301 647 2376 callra
668 2305 827 2396 pretoria
848 2325 1007 2398 pergens,
1027 2304 1116 2399 apud
1137 2303 1261 2376 milites
1280 2329 1364 2378 con·

337 2435 339 2439 ·
401 2411 535 2512 quellus
557 2411 625 2503 eli,
646 2410 887 2485 circumveniri
907 2410 940 2484 se
962 2410 1075 2486 fratris
1097 2413 1243 2486 insidiis:
1264 2433 1367 2510 atque

255 2543 268 2570 ⁸
310 2607 317 2621 Κ
399 2526 446 2600 ita
465 2524 599 2598 fratrem
618 2524 655 2618 in
671 2523 800 2598 Palatio
817 2519 1046 2596 secituccidi.
1066 2523 1137 2617 ejus
1154 2523 1366 2619 eorpus-Aa·

399 2635 460 2708 tim
472 2636 613 2710 cremari
627 2634 797 2732 precepit.
813 2633 916 2707 Dixit
925 2654 1086 2730 preterea
1100 2636 1135 2706 in
1152 2633 1268 2708 castris
1277 2634 1366 2721 ‚frt-

400 2761 486 2816 trem
509 2742 570 2816 fibi
595 2767 766 2816 venenum
789 2744 936 2838 parade,
957 2745 1056 2817 matri
1076 2769 1152 2816 eum
1171 2745 1366 2834 irreueren·

400 2870 469 2926 tem
491 2851 604 2928 fuiller
619 2853 753 2950 egitque
770 2853 905 2949 publice
918 2854 959 2926 iis
971 2854 1111 2952 gratias,
1127 2855 1187 2951 qui
1206 2880 1286 2928 eum
1304 2881 1365 2929 oc·

402 2962 570 3039 ciderunt.
591 2962 730 3036 Addidit
747 2963 899 3062 denique
924 2964 987 3054 iis,
1010 2953 1271 3063 qui'fideliores
1294 2977 1367 3064 e'rga

403 3071 436 3144 se
451 3070 603 3162 fuerant,
624 3071 835 3169 stipendium.
851 3076 929 3148 Pare
951 3074 1096 3148 militum
1117 3077 1206 3172 apud
1228 3075 1369 3166 Albam,

404 3183 525 3254 Getam
547 3181 699 3256 occilirm
721 3185 891 3282 egerrime
910 3185 1061 3280 accepit,
1081 3185 1269 3259 dicentibus
1286 3209 1369 3257 cun·

405 3291 485 3382 elis,
500 3291 634 3366 duobus
648 3291 679 3366 se
692 3291 793 3366 fidem
806 3291 988 3388 promilille
1009 3293 1123 3367 liberis
1137 3294 1254 3366 Severi
1265 3347 1277 3382 ‚
1287 3297 1371 3366 dno·

405 3401 470 3482 bus
485 3401 618 3475 servare
634 3403 765 3493 debere.
781 3401 964 3498 claususque
982 3403 1090 3499 portis
1105 3405 1164 3476 diu
1184 3409 1370 3500 lmperator

405 3537 478 3587 non
492 3513 668 3603 admillus,
678 3505 738 3584 ni'sr
752 3511 898 3584 delinitis
916 3512 1056 3606 animis,
1070 3537 1142 3587 non
1156 3515 1267 3588 solum
1288 3540 1371 3615 que·

405 3622 484 3694 relis
504 3624 545 3695 de
565 3627 651 3696 Geta
671 3624 710 3696 δι
727 3613 1023 3697 cdminationibus
1049 3625 1169 3722 editis,
1194 3625 1253 3697 sed
1273 3650 1372 3706 enor-

406 3730 523 3805 mitate
542 3730 699 3828 stipendii
720 3727 880 3808 militibus
900 3730 958 3831 (ut
973 3731 1076 3834 soler)
1095 3735 1256 3832 placatis:
1273 3755 1373 3836 atque
