2884 4828
246 297 253 314 ⁸
280 351 561 429 ssnrruux
587 352 923 426 rnraanron.
1026 381 1093 456 127

131 514 262 610 semper
284 511 453 602 interfuit,
473 537 513 587 ac
540 512 667 609 semper
695 510 825 609 aliquid
850 513 976 587 retulit.
997 516 1093 590 Civi-

131 623 199 694 lem
222 621 254 694 se
275 615 491 693 salutantibui
512 619 856 717 &interpellantibus
875 620 1009 717 semper
1029 649 1093 696 ex·
1128 629 1134 638 '

130 727 251 802 hibuit.
268 729 356 818 Eos,
372 729 432 825 qui
449 728 624 802 calumniis
644 728 784 825 appetiti
805 753 866 825 per
882 727 999 820 servos
1018 728 1094 803 fue-

131 857 228 928 rant,
245 837 406 912 damnatis
424 838 528 912 servis
543 839 770 928 delatoribus,
781 839 959 927 liberavit3
969 840 1007 914 in
1020 866 1094 918 cru·

132 947 208 1021 cern
226 945 362 1020 sublatis
378 947 498 1024 talibus
520 947 644 1024 servis:
663 945 798 1046 aliquos
818 948 920 1022 etiam
937 951 1093 1024 manuos

134 1055 338 1131 vindicavit.
479 1069 483 1081 '

198 1169 244 1240 X.
267 1166 400 1240 lnfidias
418 1165 551 1262 paravit
571 1165 602 1240 ei
620 1165 743 1256 Falco,
766 1165 888 1256 volens
910 1167 1093 1266 imperare:

134 1274 178 1348 de
195 1299 268 1372 quo
284 1275 489 1371 conquestus
506 1275 555 1347 est
571 1275 606 1346 in
618 1277 755 1350 Senatu.
771 1276 867 1370 quod
882 1276 1018 1372 quidem
1035 1281 1095 1352 Se·

132 1406 241 1458 natus.
257 1386 409 1460 credidit.
427 1388 524 1461 Dum
546 1387 606 1460 fibi
624 1387 761 1486 quidam
779 1383 915 1477 servus,
929 1391 1019 1484 quast
1034 1395 1095 1467 Fa·

133 1495 203 1566 biae
222 1492 302 1567 aller
320 1491 427 1583 filius,
443 1520 486 1569 er
504 1493 641 1590 Ceionii
657 1495 846 1570 Commodi
866 1495 1014 1587 familia,
1035 1501 1095 1571 Pa·

134 1603 272 1675 latinam
305 1603 444 1676 domurn
476 1603 620 1678 ridicule
638 1602 890 1702 xvindicall'eta,
911 1606 1092 1703 cognitus,
1148 1617 1152 1625 '

134 1710 240 1806 julius
260 1709 307 1782 eli
329 1710 468 1810 flagellis
487 1711 589 1784 caesus
607 1712 758 1818 domino¹
773 1711 912 1788 restitui.
932 1717 970 1786 ln
996 1715 1095 1810 cujus
1239 1794 1245 1808 ,
1269 1801 1272 1812 ,

134 1822 285 1896 vindicla
307 1822 361 1913 hi,
382 1824 441 1922 qui
462 1825 604 1898 oderant
629 1823 857 1915 Pertinacem,
880 1825 1094 1900 occasionem
1220 1823 1222 1826 ’

136 1929 310 2004 seditionis
323 1931 488 2005 inveniffe
501 1933 672 2006 dicuntur.
689 1932 827 2006 Falconi
846 1951 957 2006 tamen
975 1954 1095 2030 peper-

137 2040 187 2112 cit
197 2094 210 2130 ,
228 2044 267 2116 δι
284 2066 305 2114 a
322 2043 446 2116 Senatu
466 2041 697 2138 impunitatem
712 2038 783 2132 ejus
804 2039 910 2134 petiit,
931 2039 1096 2136 Denique

138 2151 240 2226 Falco
257 2152 293 2224 in
313 2153 411 2227 rebus
439 2150 659 2225 suislecurus
682 2149 793 2239 vixit,
816 2152 855 2224 δι
878 2150 999 2224 herede
1019 2147 1095 2226 fillo

138 2259 259 2356 periitr
278 2258 437 2358 quamvis
451 2257 549 2332 multi
569 2259 750 2332 Falconem
771 2258 906 2334 nescisse
927 2258 1095 2351 dixerint,
1180 2271 1183 2277 “

138 2369 316 2465 imperium
338 2368 398 2442 fibi
419 2369 537 2466 parari.
552 2367 610 2442 alii
624 2368 724 2442 etiam
742 2393 760 2441 a
776 2357 901 2456 servis,
916 2367 975 2464 qui
992 2369 1096 2441 ratio·

136 2505 197 2554 nes
210 2480 491 2570 intervenerant,
503 2479 590 2553 falsis
606 2479 807 2554 testimoniis
818 2479 1004 2577 appetitum
1014 2505 1095 2556 eum

137 2592 202 2665 elle
214 2592 386 2665 dixerunt.
400 2592 464 2664 Sed
477 2591 644 2664 Pertinaci
660 2590 764 2699 fallio
779 2611 961 2688 praeparata
972 2592 1022 2666 est
1035 2617 1095 2689 per

137 2705 268 2776 Latum
289 2699 482 2774 Praefedlum
502 2700 673 2794 praetorii,
695 2703 827 2791 &.eos,
844 2725 931 2799 quos
944 2702 1096 2776 Pertina-
1191 2720 1193 2724 ·

136 2814 193 2886 cis'
208 2809 427 2885 sandimonia
447 2808 643 2883 offenderat.
665 2813 793 2885 Latum
811 2809 903 2882 enim
924 2810 1095 2905 poenitue·
1229 2819 1232 2827 “

136 2939 208 3012 rat,
224 2923 320 3019 quod
342 2927 578 3017 Imperatorem
601 2917 725 2994 fecerat
747 2919 975 3008 Pertinacem,
995 2918 1095 2993 idcir·

137 3055 205 3124 co,
225 3031 304 3128 quia
320 3055 398 3106 eum
422 3030 518 3104 velut
538 3029 672 3102 stultum
696 3028 925 3100 intimatorem
946 3029 1095 3102 nonnul·

136 3142 246 3214 larum
265 3165 379 3216 return
398 3137 675 3237 reprehendebat.
693 3139 810 3210 Grave
831 3141 991 3231 praterea
1009 3137 1096 3210 mili·

137 3251 228 3324 tihus
250 3251 384 3341 visum,
408 3251 502 3347 quod
519 3249 555 3322 in
578 3247 675 3324 causa
697 3246 855 3325 Falconis
878 3248 1006 3321 multos
1028 3248 1096 3320 mi·
1134 3232 1149 3340 2
1176 3333 1178 3343 y

132 3360 214 3436 lites
227 3365 269 3436 ad
280 3363 382 3436 unius
399 3361 488 3435 servi
503 3359 734 3435 testimonium
750 3357 863 3436 occidi
881 3375 1097 3454 preceperat.

187 3473 251 3546 Xl.
268 3473 432 3546 Trecenti
451 3471 553 3570 igitur
568 3472 609 3544 de
628 3470 742 3544 castris
759 3469 874 3542 armati
892 3469 934 3541 ad
951 3467 1095 3564 impera·

136 3581 245 3655 corias
265 3582 352 3654 ades
372 3604 482 3655 cuneo
503 3580 593 3654 fauo
610 3579 732 3652 milites
751 3601 888 3652 venere.
904 3576 1027 3647 Eadem
1046 3594 1097 3644 ta·

10 3726 12 3737 ·
137 3682 294 3766 mendic
319 3689 520 3764 immolante
544 3689 740 3777 Pertinace,
767 3704 908 3784 negatur
931 3683 967 3761 in
988 3680 1097 3756 hallia

96 3849 99 3856 ·
139 3822 203 3874 cor
224 3816 410 3896 repertum:
431 3799 563 3889 &cum
582 3797 618 3870 id
640 3795 745 3874 vellet
762 3817 970 3894 procurare,
994 3809 1097 3890 caput
