2932 4824
311 299 378 378 194
464 271 1124 348 AELIISPART1AN1

355 435 413 506 Vl.
424 429 502 504 Posi
519 429 587 504 hoc
601 429 641 502 ad
660 428 790 502 bellum
808 427 1044 504 Armeniacum
1061 432 1275 510 Parthicum·

144 537 158 554 ‘
307 569 374 643 que
392 541 595 631 conversus,
613 542 732 614 ducem
747 541 928 630 bellicum,
941 541 1078 640 quisuis
1095 568 1273 642 compete·

307 653 365 729 bat
381 649 554 740 moribus,
574 648 664 724 fecit.
681 649 761 722 lnde
774 649 1012 722 Alexandriam
1025 651 1139 746 petiit:
1152 653 1188 725 in
1203 681 1272 754 gy-

166 761 168 764 ’
307 761 469 836 mnasium
495 757 661 855 populum
684 757 920 848 convocavit,
942 783 1087 854 eumque
1108 759 1272 858 objurga·

308 871 382 945 uit:
405 867 469 969 legi
487 866 588 942 etiam
609 864 744 940 validos
764 865 806 938 ad
827 865 981 940 militiam
1004 869 1176 964 pracepit.
1200 873 1270 942 Eos

306 999 440 1068 autem,
457 1001 547 1074 quos
568 976 714 1074 legerat,
738 975 888 1066 occidit,
907 978 1067 1071 exemplo
1094 977 1269 1052 Ptolemaei

306 1086 505 1186 Euergetis,
527 1082 588 1182 qui
608 1084 748 1158 oslavus
767 1083 834 1158 hoc
854 1083 993 1157 nomine
1009 1083 1195 1180 appellatus
1209 1086 1269 1164 esi.
1331 1101 1336 1108 '

304 1203 401 1278 Dato
417 1217 578 1295 praeterea
592 1196 687 1292 signo
701 1193 886 1284 militibus,
899 1214 935 1268 ut
950 1195 1099 1290 hospites
1116 1194 1192 1270 suos
1209 1221 1268 1270 oc·

303 1314 473 1401 riderent,
487 1334 639 1407 magnam
654 1307 780 1381 cadem
798 1306 1014 1384 Alexandria
1028 1306 1120 1382 fecit.
1131 1309 1267 1384 Dehinc

252 1427 262 1444 ⁸
303 1449 364 1524 per
380 1407 544 1496 Cadusios
562 1416 831 1518 &Babylonios
854 1416 1035 1515 ingressus,
1052 1417 1268 1492 tumultuarie

305 1561 383 1608 cum
414 1534 618 1606 Parthorum
650 1528 787 1624 satrapis
818 1553 956 1602 marium
992 1529 1162 1618 contulit,
1184 1528 1268 1602 feris

304 1645 405 1718 etiam
428 1641 540 1716 bestiis
559 1639 594 1712 in
609 1639 723 1725 hostes
739 1637 899 1712 immistis,
912 1637 1013 1711 Datis
1026 1638 1068 1710 ad
1085 1639 1269 1728 Senatum,

242 1745 246 1752 ’
304 1753 397 1851 quasi
417 1750 493 1848 post
516 1749 692 1824 visioiiam
705 1801 718 1836 ‚
731 1747 861 1837 literis,
883 1747 1057 1822 Parthicus
1079 1747 1267 1844 appellatus

304 1862 462 1938 esitnam
482 1855 678 1930 Germanici
695 1879 823 1927 nomen
839 1874 932 1952 patre
948 1855 1037 1929 vivo
1057 1855 1165 1929 fuerat
1179 1880 1267 1929 coii-
1306 1923 1310 1929 .
1451 1877 1452 1912 t

303 1968 446 2042 secutus
462 1961 599 2038 Deinde
615 1989 692 2038 cum
717 1964 839 2066 iterum
862 1965 967 2040 vellet
989 1965 1117 2038 Parthis
1140 1965 1266 2038 bellum
1293 2050 1295 2056 Ι
1447 2002 1451 2013 ·

304 2075 448 2160 inserre,
462 2094 562 2171 atque
582 2073 758 2146 hibernare
773 2074 919 2163 Edesiae,
940 2092 1039 2169 atque
1052 2074 1132 2146 inde
1146 2075 1268 2146 Carras

304 2181 390 2258 Luni
400 2179 469 2254 Dei
484 2179 588 2278 gratia
600 2180 765 2273 venisset,
781 2181 835 2255 die
849 2183 967 2256 natalis
979 2181 1043 2272 sui,
1053 2182 1178 2258 oflavo
1192 2183 1267 2254 Idus

304 2291 448 2386 Aprilis,
459 2291 534 2386 ipsis
549 2291 810 2388 Megalensibus,
826 2317 903 2366 cum
915 2294 958 2366 ad
969 2292 1126 2391 requisita
1141 2312 1267 2364 natura:

303 2399 515 2490 discessisset,
533 2399 671 2474 insidiis
686 2427 706 2474 a
737 2402 894 2476 Macrino
922 2401 1084 2475 Praefeno
1116 2401 1268 2498 pretorii

304 2508 439 2604 positis,
455 2509 515 2604 qui
536 2509 610 2608 posl
626 2535 704 2583 eum
720 2507 864 2582 invasit
856 2511 1055 2606 imperium,
1071 2509 1267 2584 interemtus

303 2619 361 2692 esi.
386 2616 526 2692 Conscii
549 2619 650 2693 credis
676 2619 812 2692 fuerunt
839 2616 1076 2711 Nemesianus,
1101 2624 1140 2696 δι
1165 2617 1268 2692 frater

303 2727 375 2820 ejus
390 2729 614 2822 dspollinaris,
625 2730 873 2826 Retianusque,
887 2757 948 2828 qui
938 2673 1141 2804 Praefelius
1161 2729 1267 2826 legio·

303 2840 361 2912 nis·
381 2837 535 2912 secundae
555 2836 718 2910 Parthicae
739 2837 928 2929 militabat,
951 2841 989 2914 δι
1018 2865 1078 2936 qui
1068 2839 1268 2934 equitibus

301 2938 578 3026 eiitraotdinariis
598 2963 759 3041 praerat,
779 2969 850 3018 non
876 2892 1108 3046 igriorantibus
1130 2949 1266 3022 Marcio

301 3052 476 3148 Agrippa,
488 3078 546 3150 qui
537 3051 656 3127 clasii
675 3071 837 3149 praeerat,
854 3055 892 3128 δι
916 3074 1077 3151 praterea
1099 3054 1266 3156 plerisque
1449 3163 1450 3172 ἵ

299 3161 519 3253 officialium,
540 3162 684 3262 impulsu
711 3164 899 3241 Martialis.

165 3354 170 3363 ,
243 3369 246 3375 ¹
330 3279 436 3348 Vll.
459 3275 600 3350 Occisus
624 3276 671 3348 est
692 3294 803 3351 autem
825 3276 861 3348 in
885 3276 1037 3350 medio
1027 3276 1149 3350 itinere
1176 3276 1264 3350 inter
1331 3325 1341 3333 -

145 3393 152 3415 “
299 3385 659 3476 Carras&Edeslam,
683 3412 760 3460 cum
784 3387 938 3477 levandae
959 3386 1081 3460 vesicae
1104 3388 1208 3485 gratia
1220 3412 1265 3462 ex

301 3521 396 3592 equo
422 3495 659 3586 descendisset,
682 3515 781 3594 atque
808 3495 896 3568 inter
927 3499 1136 3594 proteslores
1160 3499 1264 3586 suos,

299 3606 500 3696 conjuratos
528 3609 656 3695 caedis,
678 3627 798 3704 ageret.
819 3608 979 3704 Denique
1003 3634 1080 3682 cum
1104 3609 1201 3682 illuni
1227 3609 1264 3681 in

301 3736 427 3810 equum
442 3716 563 3790 strator
577 3716 646 3812 ejus
659 3717 809 3809 levaret,
824 3717 972 3816 pugione
992 3719 1077 3793 latus
1090 3718 1160 3816 ejus
1178 3743 1264 3794 oon·

1445 3671 1448 3797 ι

1443 4211 1446 4361 l

1441 4455 1445 4643 l
