2782 4814
353 339 378 404 4
499 311 1161 386 AELttsPART1ANt

352 475 414 548 tim
435 469 587 545 militiam
611 469 709 558 iniit3
725 469 871 543 venandi
891 471 995 570 usque
1019 474 1062 548 ad
1081 477 1310 574 reprehenso·

348 609 426 658 nem
441 581 618 654 studiosus.
631 581 735 676 quare
749 605 767 652 a
779 579 930 680 Tra‘jano
945 583 1259 684 abdustusapatria,
1273 592 1308 664 δι

345 719 415 790 pro
434 689 508 764 silio
531 689 686 763 habitus:
705 714 769 762 nec
790 690 993 786 multo'posl
1011 693 1186 770 decemvir
1199 697 1309 772 litibus

348 799 537 902 judicandis
548 799 660 885 datus;
670 817 771 898 atque
783 799 861 874 inde
871 800 1027 876 tribunus
1041 803 1193 878 secundae
1205 805 1310 904 Adju-

348 913 442 990 tricis
454 907 599 1008 legionis
618 926 768 983 creatus:
785 908 860 1003 post
873 909 945 982 haec
959 909 995 981 in
1008 910 1205 1008 inferiorem
1220 919 1310 990 Moe·

350 1026 430 1098 fiam
453 1020 651 1106 translatum
670 1019 829 1092 extremis
849 1019 914 1115 jam
932 1023 1124 1099 Domitiani
1145 1021 1310 1126 tempori·

348 1135 432 1222 bus,
452 1129 500 1202 ibi
519 1155 537 1202 a
557 1126 795 1220 mathematico
816 1129 988 1224 quodam,
1002 1131 1045 1203 de
1062 1129 1178 1208 futuro
1200 1135 1310 1231 impe·

347 1242 402 1315 rio
424 1241 459 1312 id
482 1238 606 1313 dicitur
623 1237 844 1332 comperisse,
866 1241 962 1336 quod
986 1267 1005 1312 a
1023 1259 1144 1337 patruo
1164 1269 1310 1342 magno,

347 1347 440 1424 AElio
453 1346 650 1435 Hadriano,
663 1343 818 1442 peritiam
842 1347 1029 1420 coeleslium
1043 1347 1208 1438 callente,
1223 1377 1309 1448 prae·

348 1459 472 1531 dislum
492 1456 555 1530 esse
574 1459 795 1550 compererat.
817 1454 966 1550 Traiano
989 1481 1008 1528 a
1031 1459 1309 1558 Nerva-adopta-

348 1587 412 1656 to,
435 1566 477 1639 ad
497 1563 757 1660 gratulationem
778 1563 944 1636 exercitus
965 1563 1097 1656 missus,
1119 1565 1153 1637 in
1172 1569 1311 1642 Germa·

271 1740 273 1742 .
347 1679 440 1752 niam
459 1674 665 1772 superiorem
684 1667 860 1747 translatus
878 1673 944 1747 elle
958 1697 1000 1746 ex
1021 1699 1086 1770 qua
1099 1671 1256 1747 festinans
1268 1675 1309 1747 ad

347 1783 553 1878 Traianum,
578 1799 615 1855 ut
639 1781 765 1875 primus
785 1780 955 1854 nuntiaret
974 1781 1142 1855 excelsum
1161 1784 1309 1875 Nervae,

346 1922 368 1991 a
389 1883 579 1980 Serviano,
599 1889 725 1963 sororis
738 1889 841 1980 viro,
860 1883 947 1988 (qui
961 1893 998 1965 δι
1014 1889 1176 1964 sumtibus
1192 1893 1231 1965 δι
1242 1918 1309 1968 aere

347 1995 463 2079 alieno
477 1998 547 2092 ejus
564 1997 727 2094 prodito,
742 1999 881 2095 Traiani
896 1999 1013 2074 otlium
1030 2000 1067 2074 in
1081 2025 1157 2074 eum
1178 1999 1308 2102 movit)
1379 2043 1380 2050 κ

348 2113 408 2187 diu
428 2112 602 2196 detentus,
615 2107 788 2207 frasloque
802 2111 953 2185 consulte
966 2110 1128 2186 vehiculo
1143 2112 1309 2202 tardatus,

345 2218 489 2320 pedibus
515 2206 578 2290 iter
605 2213 754 2302 faciens,
775 2215 923 2312 ejusdem
951 2217 1103 2294 Serviani
1127 2217 1310 2294 beneficia-

345 2329 432 2402 rium
454 2323 649 2411 antevenit;
666 2323 798 2424 fuitque
811 2326 848 2400 in
869 2350 986 2402 amore
999 2323 1161 2421 Traiani:
1180 2325 1244 2400 nec
1260 2327 1326 2400 ta·'
1379 2315 1380 2364 ³

312 2448 319 2465 '
347 2436 475 2512 menei
495 2461 555 2534 per
577 2435 780 2534 pedagogos
803 2462 1010 2534 puerorum,
1028 2460 1116 2534 quos
1140 2433 1309 2532 Traianus

344 2547 524 2646 impenstus
539 2543 715 2646 diligebat,
729 2545 832 2620 Gallo
846 2547 981 2621 savente
996 2545 1113 2622 defuit.
1126 2547 1209 2639 Quo
1226 2548 1311 2645 qui·

344 2657 420 2754 dem
443 2676 617 2752 tempore,
639 2681 716 2730 cum
739 2656 905 2730 sollicitus
927 2657 968 2730 de
989 2655 1204 2754 Imperatoris
1228 2681 1309 2758 erga

243 2821 245 2834 .
344 2769 378 2844 se
401 2764 553 2858 judicio,
574 2762 779 2860 Virgilianos
797 2765 902 2838 sortes
923 2765 1139 2854 consuleret,

397 2875 483 2970 Quis
496 2877 608 2966 procul
627 2876 679 2942 ille
700 2892 803 2940 aretem
822 2874 919 2942 ramis
933 2871 1064 2972 infigreis
1083 2875 1171 2946 olivae

344 3071 355 3084 Ι
395 2995 423 3057 S
425 3013 497 3056 acra
507 2983 645 3076 serens?
663 2983 758 3076 rufio
780 2985 877 3054 crines
896 2987 1068 3080 incanaque
1081 3009 1186 3056 menta

363 3083 368 3092 ⁵
393 3096 491 3188 Regis
511 3095 672 3178 Romani,
685 3095 822 3183 primam
844 3094 899 3185 qui
911 3095 1028 3188 legibus
1050 3098 1166 3166 Urbem

392 3205 575 3289 Fundabit,
600 3205 729 3273 Curibus
741 3189 863 3296 parvis
874 3199 1051 3298 &paupere
1071 3229 1150 3276 terra

391 3309 508 3408 Miffies
528 3316 564 3382 in
586 3315 749 3404 imperium
768 3341 936 3410 magnum,
955 3321 1005 3388 cui
1018 3322 1127 3388 deinde
1136 3318 1281 3410 fiebibit,

342 3417 414 3492 sors
435 3418 585 3494 excidit:
613 3445 714 3518 quam
742 3423 798 3496 alii
824 3450 867 3496 ex
893 3425 1068 3525 Sibyllinis
1092 3427 1248 3500 ¹versibus
1274 3425 1305 3498 ei

340 3525 535 3624 provenisse
558 3527 727 3603 dixerunt.
750 3533 876 3610 Habuit
895 3553 1005 3626 autem
1031 3533 1305 3632 praesumtionem
1346 3555 1348 3560 ·

339 3635 474 3732 imperii
490 3661 572 3708 mox
590 3635 718 3728 futuri,
732 3665 774 3712 ex
792 3639 873 3713 fano
893 3666 1030 3738 quoque
1044 3637 1229 3736 Nicephori
1245 3643 1307 3716 lo-

340 3744 399 3840 vir
410 3765 564 3822 manante
579 3748 759 3848 responso,
774 3751 869 3850 quod
888 3747 1096 3848 Apollonius
1115 3751 1218 3856 Syrus
1229 3751 1306 3822 Pla·
