2884 4828
272 331 617 406 commotius
647 331 984 407 Αιιτοιιιιιιιι
1071 359 1133 433 115

129 491 323 568 cillianus
340 491 424 596 suit,
442 491 536 648 quod
557 443 707 566 luxuriae
716 490 875 564 sumtibus
896 485 1053 566 aetatlum
1075 493 1139 566 mi·

181 737 281 810 quam
305 693 538 806 religione,'&
558 729 595 780 ur
612 709 773 782 dominos
787 707 969 790 saslionum
987 707 1117 782 ditaret.

136 833 138 838 ⁴
227 824 338 894 XVll.
369 821 431 894 His
457 819 614 907 incitati,
639 820 718 892 licet
743 818 843 892 nimis
865 819 966 905 sero,
992 818 1144 910 Quintus

87 941 90 956 '
181 931 335 1006 AEmilius
366 935 477 1004 [πως
500 927 755 1025 praefeslus,&
782 928 928 1015 Marcia,
954 929 1146 1023 concubina

180 1039 268 1132 ejus,
290 1041 440 1114 inierunt
456 1039 729 1132 conjurationem
752 1038 794 1111 ad
816 1039 1041 1112 occidendum
1057 1065 1147 1114 eum.
1248 1063 1259 1078 “

181 1151 328 1230 Primum
350 1151 381 1224 ei
403 1175 574 1234 venenum
602 1149 790 1220 dederunt:
813 1149 906 1244 quod
931 1173 1007 1242 curn
1037 1151 1148 1226 minus
1208 1195 1211 1200 .

183 1279 400 1358 operaretur,
420 1283 480 1354 per
502 1260 682 1346 athletam,
696 1283 782 1345 cum
801 1282 873 1353 quo
893 1258 1040 1334 exerceri
1064 1262 1150 1337 sole·

184 1374 264 1459 bat,
284 1384 361 1446 eum
381 1367 684 1465 strangulaverunt.
708 1372 786 1442 Fuit
806 1389 916 1442 autem
937 1370 1047 1444 forma
1073 1399 1150 1449 cor-

184 1475 278 1578 poris
297 1478 404 1572 julla,
428 1478 529 1554 uultu
550 1477 735 1564 insubido,
755 1497 792 1551 ut
811 1479 935 1552 ebriosa
960 1474 1095 1572 solent,
1112 1487 1151 1560 δι

183 1590 339 1666 sermone
357 1587 558 1676 incondito,
575 1587 702 1684 capillo
718 1590 845 1684 semper
860 1589 977 1664 fucato
989 1646 999 1680 ‚
1010 1677 1015 1688 ¹
1025 1597 1063 1667 δι
1077 1594 1151 1667 auri

187 1699 346 1774 ramentis
362 1697 574 1786 illuminato,
586 1698 729 1770 adurens
751 1723 884 1772 comam
904 1705 941 1776 δι
961 1693 1094 1776 barbam
1110 1701 1155 1778 ti·

110 1828 114 1833 ’
190 1789 300 1884 morex
321 1801 482 1882 tonsoris.
506 1811 641 1904 Corpus
662 1807 733 1902 ejus
760 1828 803 1883 ut·
819 1835 911 1886 unco
941 1811 1155 1902 traheretur,

189 1941 290 2016 atque
314 1919 350 1990 in
374 1916 526 1992 Tiberim
549 1918 755 2006 mitteretur,
778 1920 919 1994 Senatus
944 1922 982 1996 δι
1006 1923 1160 2018 populus'

149 2103 152 2111 ,
190 2030 396 2127 postulavit:
425 2029 480 2102 sed
502 2030 617 2126 postea
642 2029 729 2122 jussu
756 2030 940 2104 Pertinacis
965 2030 1001 2102 in
1028 2058 1156 2105 moou-
1193 2121 1195 2133 Ι

195 2157 346 2212 mentum
370 2137 535 2211 Hadriani
549 2132 747 2210 translatum
763 2137 819 2210 est.
832 2140 949 2232 Opera
970 2137 1062 2232 ejus,
1074 2167 1158 2235 prae·

193 2258 244 2320 ter
263 2247 437 2328 lavacrum
449 2246 570 2344 ,quod
592 2246 758 2320 Cleander
778 2248 918 2339 nomine
941 2245 1042 2343 ipsius
1066 2247 1159 2322 sece-
1193 2269 1195 2278 ‘
1223 2337 1225 2342 ,

194 2375 269 2444 rar,
290 2356 381 2428 nulla
402 2355 544 2430 exstant.
564 2355 620 2430 sed
642 2379 770 2440 nomen
792 2355 886 2448 ejus,
907 2355 1022 2428 alienis
1048 2359 1162 2450 operi

193 2465 257 2538 bus
281 2463 449 2554 incisum,
463 2467 602 2536 Senatus
624 2464 733 2548 erasrc
759 2488 823 2536 nec
850 2441 953 2559 patris
977 2481 1088 2536 autem
1111 2464 1162 2538 sui
1222 2509 1225 2528 ι
1263 2500 1273 2514 ·

194 2597 300 2669 opera
327 2517 481 2669 perfecit.
508 2563 650 2656 Classem
675 2571 870 2654 Africanam
896 2571 1061 2665 instituit,
1085 2600 1163 2670 quae
1256 2591 1257 2594 ’
1292 2578 1294 2582 ’

197 2682 344 2754 subfidio
363 2681 497 2769 esset,sr
518 2681 607 2755 forte
619 2683 849 2754 Alexandrina
868 2681 1035 2756 frumenta
1051 2687 1165 2761 cessas·

108 2809 111 2815 '
198 2791 281 2864 sent.
307 2790 463 2874 Ridicule
487 2789 588 2862 etiarn
612 2788 877 2886 Carthaginem,
903 2798 1164 2889 Alexandrinum

194 2903 461 2977 *Commodianam
472 2924 614 2997 rogatam
625 2899 809 2996 appellavit
819 2927 828 2971 ι
840 2924 916 2972 cum
933 2901 1064 2975 classem
1079 2930 1167 3000 quo·

161 3079 169 3090 ,
201 3036 268 3108 que
288 3010 506 3101 Africanam,
524 3017 785 3084 Commodianam
801 3011 1168 3109 Herculeamtappellas·

201 3119 260 3191 set.
280 3110 586 3192 Ornamenta'sane
608 3120 761 3214 quaedam
780 3115 913 3189 colosso
934 3119 1079 3226 addidit:
1092 3145 1169 3214 quae

204 3231 328 3327 postea·
346 3231 465 3305 cunda
496 3231 619 3304 sublata
652 3231 737 3305 sunt.
765 3231 899 3304 Coloffi
930 3241 1040 3304 autem
1070 3252 1171 3329 caput
1258 3281 1261 3324 3

204 3341 341 3432 demstt,
361 3343 458 3440 quod
478 3343 629 3416 Neronis
649 3342 749 3429 esset,
769 3367 807 3416 ac
821 3343 914 3415 suum
936 3343 1117 3438 imposuit:
1132 3345 1172 3424 dc

205 3451 343 3525 titulum
359 3477 455 3526 more
474 3451 578 3524 solitu
591 3450 800 3547 subscripsit,
819 3453 865 3524 ita
880 3470 918 3522 ut
936 3453 1030 3528 illum
1046 3452 1174 3550 gladia·
1200 3485 1204 3493 ·

205 3559 333 3642 ¹corium
358 3554 585 3634 effeminatum
609 3585 680 3632 non
707 3560 982 3656 pretermitteret.
1002 3561 1103 3641 Hunc
1115 3579 1169 3634 ta·

124 3712 128 3714 -
206 3691 285 3738 men
294 3667 443 3740 'Seuerus
457 3671 644 3764 Imperator
661 3669 794 3766 gravis,
814 3671 851 3739 δι
864 3666 919 3736 vir
940 3665 1175 3764 nominissui,

210 3773 321 3863 odio,
344 3774 405 3868 (ut
428 3776 591 3872 videtur)
618 3778 781 3868 Senatus,
805 3775 899 3851 inter.
913 3775 1021 3862 Deos,
1037 3777 1176 3874 tetulit,

902 3887 982 3958 H2
1033 3935 1035 3938 -
1122 3925 1125 3930 ·
