2856 4824
216 258 498 414 'nutoutuus
524 310 883 385 astrueremus.
970 337 1038 410 239

71 463 321 567 'comprobatus
336 494 457 568 genere
474 469 605 564 imperii
623 467 715 562 ejus,
733 495 809 541 cum
828 469 906 540 ideo
925 471 1039 566 displi-

71 601 170 654 ceret
184 583 268 678 patri
280 583 399 677 ,quod
419 581 609 676 impudicus
625 607 697 654 nort
721 581 810 654 effer.
833 582 912 653 Erat
928 603 1038 654 autem

70 688 167 778 idem
187 688 432 780 consobrinus,
448 694 502 778 δι,
516 707 553 762 ut
573 688 709 785 quidam
736 689 872 774 dieunt,
893 689 1038 762 amiliti·
1091 744 1102 750 ,-

51 797 137 908 ἰΙ>υς
159 799 259 871 etiam
282 802 471 888 amabatur,
485 801 523 871 δι
545 799 681 870 Senatui
707 798 865 894 acceptus
879 816 975 884 erat,
1000 799 1038 871 dc

67 907 219 1006 equeliti
248 907 373 981 ordini.
399 909 472 980 Nec
498 905 601 978 defuit
621 925 732 976 tamen
754 903 973 1002 futurusque
995 907 1038 978 ad

67 1016 205 1088 exitum
221 1016 296 1088 voti
306 1015 444 1113 peffimi.
464 1041 545 1104 nam
558 1014 588 1085 ei
610 1013 817 1109 percullores
835 1016 979 1088 immifit.
994 1019 1037 1090 Et

65 1126 141 1198 hoc
162 1125 298 1222 quidem
319 1127 424 1199 modo
446 1124 515 1220 ipse
535 1122 660 1195 seceffit
682 1124 722 1194 ad
738 1124 857 1196 hortos
886 1125 954 1220 spei
971 1152 1036 1198 ve·

65 1234 152 1308 teris
166 1288 179 1323 ,
202 1235 294 1332 quast
319 1251 437 1309 contra
460 1257 590 1304 novum
616 1229 775 1324 juvenem
808 1253 890 1306 vota
915 1235 1035 1330 conci·

64 1343 192 1440 piens,
211 1344 323 1417 relidla
346 1343 382 1416 in
405 1344 533 1416 Palatio
558 1362 684 1432 matre,
706 1345 744 1416 δι
765 1343 862 1435 avia,
886 1347 924 1419 δι
950 1371 1035 1418 con·
1110 1407 1114 1419 .

63 1449 303 1528 fabrinosuo:
320 1443 496 1550 juliitque,
508 1472 544 1525 ut
555 1443 778 1526 trucidaretur
792 1451 928 1548 juvenis
944 1456 1033 1550 opti·
1093 1551 1095 1554 v
1187 1467 1192 1477 “

64 1585 143 1634 mus
168 1563 208 1636 δι
230 1560 426 1658 reipublice
449 1561 655 1666 necessarius
674 1562 769 1634 Misn
786 1565 830 1636 ¹&
848 1565 898 1636 ad'
912 1565 1033 1640 milites
1093 1586 1095 1594 ’

64 1671 202 1764 literas,
222 1673 345 1769 quibus
362 1671 469 1764 juliit,
482 1691 519 1746 ut
536 1674 753 1772 abrogaretur
775 1698 900 1748 nomen
919 1677 1033 1752 Caesa·
1054 1675 1056 1680 ’
1162 1773 1168 1784 ι

64 1782 111 1854 ris
125 1783 333 1857 Alexandro.
347 1783 461 1875 Mifit,
478 1783 539 1880 qui
563 1784 597 1856 in
621 1785 732 1858 castris
759 1785 934 1860 statuarum
961 1788 1032 1881 ejus

65 1889 188 1964 titulos
201 1890 276 1964 luto
294 1910 464 1989 tegerent,
480 1914 517 1965 ut
530 1891 602 1970 fieti
625 1893 706 1969 solet
727 1896 767 1967 de
783 1897 946 1994 tyrannis.
962 1898 1032 1968 Mi-

65 2002 104 2072 fit
117 2005 156 2076 &
171 1999 221 2074 ad*
229 2004 415 2076 nutritores
430 2001 521 2093 ejus,
539 2004 660 2102 quibus
675 2005 856 2100 imperavit
874 2005 934 2077 sub
946 2032 1032 2103 prae·

63 2109 217 2186 miorum
240 2111 296 2206 spe
315 2130 416 2206 atque
437 2112 629 2200 bonorum,
653 2129 691 2183 ut
710 2137 786 2183 eunt
810 2113 1035 2203 occiderent,

64 2209 301 2316 quo‘vellent-
316 2221 445 2313 modo',
467 2220 525 2296 vel
551 2221 586 2294 in
614 2219 766 2312 balneis,
789 2219 847 2294 vel
873 2245 1030 2310 veneno,

61 2328 122 2399 ¹vel
140 2322 250 2401 ferro.
526 2413 528 2416 Ι

83 2429 85 2434 ’
110 2441 210 2536 XlV.
229 2437 293 2510 Sed
317 2437 403 2510 nihil
424 2456 526 2536 agunt
547 2437 695 2538 improbi
720 2458 840 2513 contra
865 2438 1030 2512 innocen·

53 2563 123 2620 tes.
141 2573 222 2620 nam
239 2547 328 2621 nulla
345 2548 381 2652 vi
398 2550 472 2652 quis
489 2549 610 2621 adduci
630 2550 763 2644 potuit,
780 2569 817 2622 ut
839 2568 966 2623 tantum
981 2550 1050 2622 fa·-

63 2651 159 2726 cinus
179 2655 355 2748 impleret,
376 2680 453 2726 cum
473 2655 508 2730 in
527 2656 632 2752 ipsum
654 2657 755 2752 magis
778 2656 943 2746 congersa
964 2657 1028 2732 fint

65 2765 127 2837 tela
137 2819 149 2854 ‚
161 2763 384 2874 quaeparabat
398 2764 491 2856 aliie,
504 2767 545 2838 ab
558 2766 663 2864 iisque
679 2768 717 2840 fit
733 2767 940 2862 interfeElus,
953 2760 1027 2872 qui·

64 2871 123 2946 bus
140 2872 230 2946 alios
248 2873 435 2969 appetebat.
455 2876 518 2948 Sed
535 2876 593 2948 ubi
611 2876 758 2971 primu-m
777 2877 874 2951 lutati
893 2877 966 2949 sunt
986 2877 1028 2948 ti·
1052 2937 1056 2953 ‚
1146 2869 1149 2875 ’

64 2981 124 3053 tuli
144 2978 348 3069 llatuarum,
370 2973 492 3057 milites
518 3009 638 3058 omnes
662 2986 870 3060 exarserunte
892 2990 929 3060 δι
951 3009 1027 3079 pars

63 3085 96 3158 in
122 3090 305 3178 Palatium,
331 3117 406 3188 pars
429 3093 466 3164 in
489 3095 631 3183 hortos,
658 3096 693 3167 in
717 3096 839 3194 quibus
861 3115 931 3189 erat
953 3100 1025 3170 Va·

65 3200 148 3290 rius,
164 3202 216 3273 ire
235 3202 399 3290 tendunt,
414 3222 450 3276 ut
467 3206 694 3288 Alexandrum
716 3197 1027 3296 vindicarent,th

64 3311 259 3407 minemque
282 3309 470 3406 impurum,
484 3315 692 3410 eundemque
712 3316 930 3411 parricidialis
952 3317 1024 3386 ani·

64 3415 128 3504 mi,
143 3420 278 3494 tandem
294 3421 498 3516 arepublica
518 3421 732 3518 depellerent.
755 3423 795 3493 Et
817 3449 893 3496 cunt
909 3422 946 3508 in
962 3421 1023 3492 Pa·
1077 3428 1083 3442 ‘

65 3521 177 3614 latium
207 3527 398 3617 venitlmt,
427 3529 655 3600 Aleiandrunt
688 3554 764 3602 cum
793 3548 895 3598 matre
923 3544 1023 3621 atque

65 3633 137 3704 avia
152 3635 366 3708 custoditum.
383 3637 629 3732 diligentissime
650 3637 764 3731 postea
788 3635 822 3706 in
836 3635 939 3718 eastra
962 3637 1023 3704 du·

64 3760 194 3819 xerunt.
217 3749 338 3820 Secuta
361 3763 473 3836 autem
500 3765 569 3818 erat
595 3745 671 3818 illos
696 3741 891 3818 Semiamira
917 3760 1022 3814 mater
