2884 4828
292 271 850 441 rurortruusrrus.
1000 355 1048 428 47

135 485 213 560 Xll.
233 484 344 560 Multa
365 484 499 578 dejure
523 484 653 558 sanxit:
678 485 818 586 ususque
831 487 878 560 ell
893 486 1049 586 jurispe-
1142 571 1144 578 y

88 590 183 684 ritis,
200 593 344 668 Umidio
362 597 477 683 Vero,
494 593 610 671 Saluio
632 595 799 682 Valente,
816 597 959 674 Volusio
974 601 1050 674 Me·

87 705 209 792 tiano,
230 706 341 802 Ulpio
360 706 552 796 Marcello,
573 709 611 781 δι
634 706 812 790 laboleno,
833 709 1049 800 Seditiones‚

87 815 285 912 ubicunque
311 813 438 902 saun,
459 838 532 908 non
560 814 781 907 crudelitate,
802 815 857 890 sed
884 818 1048 892 modestia

85 923 125 996 dc
142 923 310 1020 grauitate
325 921 528 1018 contpreffit.
549 924 639 995 lntra
660 922 762 1014 urbes
791 923 923 1021 sepeliri
948 950 1047 998 mor·

84 1050 167 1108 tuos
189 1032 312 1114 uetuit.
330 1035 482 1112 stantum
505 1032 702 1108 muneribus
727 1033 934 1132 gladiatoriis
952 1035 1051 1114 inlli·

85 1143 435 1226 tuit..Vehiculari‚urn
451 1143 583 1220 curlutn
607 1143 732 1225 summa
747 1145 917 1243 diligentia
935 1145 1048 1224 suble·

85 1252 194 1336 vavit.
217 1253 414 1344 omnum,
436 1277 514 1348 quae
533 1253 649 1358 geffir,
668 1255 706 1335 δι
728 1254 764 1338 in
784 1256 906 1337 semu
926 1259 965 1332 δι
986 1281 1047 1352 per

17 1443 21 1456 ‚
84 1362 192 1436 edicta
211 1363 377 1436 rationem
392 1359 546 1434 reddidit.
561 1361 661 1433 Periit
675 1385 767 1434 anno
788 1362 1048 1461 septuagefimo:
1168 1409 1173 1420 =

85 1471 139 1544 sed
167 1473 258 1570 quast
286 1460 479 1546 adolescens
504 1461 703 1544 desideratus
726 1471 783 1546 est.
809 1475 907 1546 Mors
934 1493 1047 1560 autem

85 1579 159 1675 ejus
179 1582 253 1654 talis
273 1580 368 1654 fuiffe
385 1597 547 1660 narratur.
573 1583 661 1652 Cum
678 1579 842 1674 Alpinum
862 1579 991 1656 calcum
1011 1585 1046 1655 in

86 1714 186 1762 coena
206 1689 320 1763 ediffet
339 1687 496 1777 avidius,
524 1689 623 1762 nolle
643 1684 814 1780 rejellavit
826 1714 839 1776 3
863 1707 962 1787 etque
984 1692 1047 1764 alia
1079 1732 1084 1742 ,

86 1797 141 1872 die
159 1798 253 1872 febre
276 1817 469 1880 commotus
484 1799 551 1875 eb:
567 1799 665 1875 tertia
678 1798 756 1889 die,
779 1823 856 1874 cunr
868 1800 900 1874 le
913 1800 1048 1900 gravari

86 1908 235 1998 videret,
252 1911 371 1982 Marco
390 1910 570 1984 Antonino
594 1910 833 2006 rempublicam
859 1913 896 1985 δι
921 1911 1047 1997 filiam,

86 2018 306 2115 presentibus
328 2015 512 2117 prefectis,
539 2022 818 2109 commendavit3
844 2025 1048 2097 Fortunam-

84 2152 156 2226 que
177 2119 334 2217 aumani,
347 2153 423 2226 quae
442 2129 478 2200 in
496 2129 658 2210 eubiculo
678 2131 873 2227 Principum
888 2131 973 2228 poni
993 2131 1048 2204 so·

87 2237 203 2328 lebat,
233 2235 403 2312 transferri
429 2239 472 2332 ad
499 2265 577 2312 eum
602 2239 721 2334 julsrt:
750 2241 878 2341 srgnum'
905 2241 1046 2314 tribuno

88 2347 343 2446 aequanimitatis
362 2347 472 2421 dedit:
491 2367 591 2446 atque
607 2349 654 2422 ita
667 2339 851 2424 conversus
864 2347 953 2446 quali
967 2349 1046 2418 dor·

87 2457 206 2543 mirer,
229 2457 379 2553 spiritum
401 2457 570 2548 reddidit,
591 2460 682 2556 apud
705 2459 856 2532 Lorium.
885 2458 1046 2533 alienatus

87 2563 121 2636 in
143 2565 252 2652 febri,
268 2567 351 2640 nihil
371 2564 482 2657 aliud,
502 2593 602 2664 quam
624 2570 665 2640 de
685 2567 875 2664 republica,
888 2569 925 2640 bt
939 2567 980 2637 de
993 2566 1047 2637 his
1121 2613 1132 2634 .

87 2662 625 2774 regibus,quibus'irdscebarur,
638 2667 772 2751 loculus
785 2675 852 2748 etl.
873 2676 1045 2748 Privatum

87 2788 328 2882 patrimonium
344 2784 422 2859 filiae
435 2785 578 2882 reliquit.
593 2785 792 2872 tellamento·
803 2804 912 2860 autem
927 2810 1047 2860 omnes

86 2897 165 2971 suos
188 2896 303 2994 legatis
326 2896 457 2970 idoneis
479 2894 675 2994 prosecutus
695 2897 753 2970 etr.

133 3009 225 3080 Xttl.
245 3005 319 3081 Fuit
340 3006 461 3079 statura
484 3007 612 3078 elevata
631 3005 786 3077 decorus.
804 3002 860 3075 sed
876 3026 953 3074 cunr
967 3000 1049 3074 eller

86 3114 208 3212 longus
230 3118 268 3190 δι
289 3114 407 3202 senex,
421 3115 725 3206 incurvareturque
738 3162 749 3199 ‚
764 3109 902 3183 tiliaceis
924 3110 1047 3181 rabulis

85 3222 280 3320 inpellere
302 3223 420 3319 positis
440 3221 661 3307 fasciabatur,
681 3239 719 3290 ut
739 3220 845 3292 tellus
865 3218 1046 3291 incederet.

85 3337 195 3408 Senex
217 3335 336 3424 etiam,
360 3351 536 3432 antequam
563 3332 760 3402 salutatores
782 3329 959 3414 venirent,
986 3353 1046 3424 pa·
1171 3329 1174 3334 “

85 3468 160 3524 nem
186 3445 310 3518 ficcum
340 3442 513 3525 comedit,
536 3443 577 3512 ad
600 3439 821 3511 sustentandas
842 3440 944 3511 vires.
970 3439 1048 3509 Fuit

85 3575 175 3624 voce
194 3551 351 3623 rauca&
370 3550 516 3633 sonora,
536 3572 611 3619 cum
629 3545 846 3638 jucunditate.
867 3551 898 3615 A
921 3547 1046 3616 Senatu

85 3664 198 3732 Divus
219 3659 266 3732 est
295 3655 509 3754 appellatus,
535 3656 661 3729 cunllis
683 3655 834 3727 certatim
860 3653 1045 3725 annitenti·
1102 3650 1104 3659 ’
1201 3747 1207 3758 ¹

84 3770 147 3844 bus
160 3795 172 3860 ;
187 3795 274 3843 cum
286 3790 407 3842 omnes
425 3764 497 3862 ejus
513 3765 667 3866 pietatem
676 3817 689 3854 ,
701 3749 934 3870 clementiam,
949 3761 1046 3859 inge·
