2884 4828
228 341 277 412 ru.
303 337 449 452 nur.
488 291 935 450 ruinosortrus.
1012 363 1061 439 73

97 499 147 589 ri,
164 498 200 572 in
215 500 306 576 vico
318 500 435 574 Halale
448 500 690 590 exanimatam,
705 501 817 576 subito
830 503 956 576 morbo
976 503 1064 576 ami·

99 609 147 681 stt.
164 609 263 684 Petiit
284 634 301 683 a
322 613 467 698 Senatu,
482 628 520 682 ut
534 597 685 683 honores
708 609 871 682 Faustinae
888 609 1063 706 aedemque
1128 652 1132 661 ·

99 715 336 804 decernerent,
353 717 483 792 laudata
502 720 638 808 eadem,
653 743 730 792 cum
752 738 864 790 tamen
886 717 1065 814 impudici·

101 825 156 898 tiae
180 827 268 900 fama
294 829 443 925 graviter
468 828 658 901 laborasset.
686 853 762 924 quae
784 827 982 902 Antoninus
1010 826 1065 901 vel

101 934 264 1022 nescivit,
280 937 336 1008 vel
349 935 575 1010 dissimulavit.
590 939 713 1010 Novas
732 936 859 1031 puellas
878 935 1066 1009 Faustinia-

100 1070 173 1144 nas
190 1045 330 1124 instituit
350 1047 389 1118 in
408 1047 583 1122 ‚honorem
610 1047 726 1118 uxoris
753 1064 908 1119 mortuae.
935 1049 1065 1118 Divum

100 1154 202 1228 etiam
214 1157 400 1228 Faustinam
413 1181 431 1226 a
442 1159 561 1228 Senatu
576 1155 793 1251 appellatam,
804 1155 985 1254 gratulatus
998 1155 1066 1228 ests

101 1289 204 1359 quam
226 1265 336 1336 secum
352 1263 442 1334 &in
462 1261 787 1351 aessivislrabuerat,
807 1282 846 1335 ut
865 1287 991 1336 matrem
1011 1292 1068 1336 ca·

93 1379 230 1477 flrorum
243 1370 438 1466 appellaret.
452 1369 543 1442 Fecit
559 1373 597 1444 δι
613 1370 787 1444 coloniam
802 1371 930 1460 vicum,
944 1373 981 1443 in
997 1395 1069 1468 quo

103 1481 191 1556 obiit
209 1479 380 1550 Faustina:
397 1481 437 1552 dt
453 1479 559 1550 aedem
572 1478 622 1551 illi
632 1479 806 1552 exstruxit.
821 1479 877 1552 sed
889 1479 962 1553 haec
976 1477 1070 1574 post·

103 1613 140 1661 ea
170 1588 257 1660 aertes
284 1585 506 1683 Heliogabalo
533 1585 685 1662 dedicata
709 1589 764 1664 etr.
789 1587 898 1684 lpsum
920 1588 1069 1662 Caffium
1098 1643 1101 1648 -

104 1721 169 1792 pro
189 1693 366 1775 clementia
383 1694 498 1768 occidi
523 1695 631 1791 pallus
649 1695 721 1786 est,
742 1721 815 1772 nou
833 1695 948 1773 occidi
968 1694 1071 1792 justit.

104 1798 320 1902 Depdrtatus
338 1804 387 1888 est
406 1806 630 1895 Heliodorus,
647 1806 736 1880 filius
753 1807 872 1895 Caffii3
891 1806 1004 1883 &alii
1027 1807 1072 1880 li·

105 1921 223 1988 berum
250 1915 398 1987 exsilium
420 1936 647 2012 acceperunt,
670 1943 748 1992 cum
772 1919 945 1992 bonorum
966 1933 1073 2014 parra

8 2013 10 2100 i
107 2024 183 2096 Filii
203 2046 313 2098 autern
334 2021 436 2106 Cassii
457 2029 495 2103 δι
516 2026 660 2124 amplius
681 2027 790 2100 media
814 2026 909 2123 parte
932 2031 1072 2125 accepe-

107 2155 189 2210 runt
214 2135 345 2231 paterni
375 2135 598 2230 patrimonii,
625 2139 663 2212 δι
688 2160 774 2210 auro
800 2153 899 2234 atque
929 2156 1095 2234 argento-

109 2246 242 2340 adjuti3
263 2244 418 2318 mulieres
449 2263 561 2322 autem
592 2247 695 2318 etiam
712 2247 941 2320 ornamentisr
963 2248 1010 2318 ita
1035 2264 1074 2317 ut

110 2355 324 2441 Alexandra,
337 2349 404 2424 lilia
416 2353 538 2442 Casiri,
554 2356 591 2430 δι
612 2355 833 2430 Druncianus
852 2381 954 2453 gener
964 2409 975 2442 ,
990 2355 1074 2426 libe·

111 2490 182 2536 ram
198 2463 345 2562 vagandi
352 2463 549 2557 potestatem
565 2465 743 2548 haberent,
754 2463 981 2538 commendati
994 2457 1074 2534 ami·

111 2592 155 2647 ιω
178 2573 313 2648 marito.
345 2571 472 2646 Doluit
501 2569 645 2666 denique
673 2572 817 2644 Cassium
841 2569 1073 2660 exstinslum,

112 2685 253 2773 dicens,
273 2679 397 2780 rolatiffl
413 2685 452 2777 sc
464 2682 535 2782 fine
547 2685 712 2799 senatorio
728 2685 924 2781 sanguine
911 2685 1073 2778 tmperiurn
1123 2695 1124 2698 ’

113 2795 284 2892 transigere.
568 2832 574 2840 ·

161 2906 307 2980 xxvtt.
329 2869 580 2979 Orientalibus
591 2867 690 2980 rebus
715 2904 906 2994 ordinatis,
934 2901 1076 2976 Athenis

114 3013 202 3100 suit3
222 3014 291 3090 δι
283 3033 370 3088 inter
391 3013 454 3088 alia
473 3015 605 3088 Ceteris
624 3017 785 3112 templum
803 3014 905 3104 adiit,
919 3032 957 3085 ut
971 3011 1029 3085 se
1020 3036 1076 3082 rn-

115 3145 298 3199 nocentcm
311 3125 490 3220 probaret,
502 3127 539 3198 δι
551 3125 726 3198 sacrarium
740 3123 830 3197 solus
844 3121 1003 3220 ingressus
1018 3120 1077 3193 est.

117 3237 304 3308 Revertens
322 3235 370 3306 ad·
381 3233 507 3307 ltaliam
524 3235 684 3332 navigio,
702 3233 930 3331 tempestatem
949 3230 1077 3330 gravis·

118 3346 230 3418 simam
252 3343 371 3440 pallus
368 3343 440 3418 meli
467 3343 528 3418 Per
550 3342 758 3441 Brundisium
780 3342 921 3420 veniens
945 3341 981 3413 in
1008 3333 1077 3410 lta·

60 3541 61 3544 Ἴ
118 3457 195 3529 liam
205 3474 346 3550 ,togam
365 3453 485 3580 &ipse
504 3431 634 3541 sumsit,
655 3455 693 3528 ὃ(
714 3451 836 3526 milites
855 3467 991 3546 togatos
1011 3446 1075 3520 esse
1109 3471 1113 3480 “

118 3561 233 3652 Ῑυιΐιιε
247 3585 318 3634 nec
339 3566 488 3657 unqua'm
510 3560 609 3662 sagati
634 3559 773 3634 suerunt
796 3559 919 3632 subeo
943 3555 1077 3648 milites.

118 3675 262 3746 Romam
282 3689 321 3744 ut
342 3671 460 3762 venit,
485 3671 716 3766 triumphavit.
738 3669 870 3742 Exinde
895 3663 1074 3748 Lavinium
1179 3676 1182 3694 '

118 3785 289 3881 profusius
312 3784 615 3880 esl.,Conrmodtrm
638 3783 697 3855 libi
720 3781 839 3853 deinde
856 3778 1019 3872 collegam
1040 3775 1076 3848 iri
