2884 4828
570 197 583 284 l
1083 295 1085 301 ,

280 368 939 494 ΡἘΚΤΙΝΑΧΙΜΡΕΚΑΤΟΚ.
1047 435 1114 515 ¹3¹

142 517 264 603 ”sulatu‘
276 535 405 634 collega
426 539 554 634 fuerat,
575 549 613 622 bt
633 549 667 622 in
687 555 932 636 Proconsulatu
952 569 1118 649 successe-⁸

141 662 209 719 rat.
225 651 351 726 Milites
367 681 443 728 eum
462 662 499 732 bt
518 665 626 738 aulici
653 670 737 744 odio
767 675 975 760 babuerunt:
991 711 1112 788 ,popu-

138 757 196 855 lus
214 779 358 840 mortem
384 769 455 864 ejus
475 775 697 875 indignissime
724 790 823 880 tulit,
848 798 927 892 quia
952 803 1111 900 videbat,

85 981 89 987 .
138 886 261 960 omnia
281 914 340 984 per
356 917 435 966 eunt
456 899 592 996 antiqua
618 904 714 998 posle'
733 911 871 989 r'eslitui.
897 920 1008 1019 Caput
1035 928 1108 1022 ejus
1221 950 1225 963 ’

135 1024 252 1078 conto
272 1005 379 1085 fixum
400 1016 541 1108 milites,
559 1022 619 1117 qui
638 1049 714 1098 eum
729 1029 945 1127 occiderant,
958 1069 1018 1140 per
1039 1050 1108 1121 Ut·
1197 1091 1199 1096 ·

135 1121 218 1194 bem
239 1125 272 1194 in
296 1127 639 1225 casirapertulerunt.
659 1141 824 1241 Reliquiae
848 1157 939 1247 ejus,
964 1187 1105 1264 reeupe-

133 1261 216 1314 tato
236 1241 359 1338 capite,
376 1245 410 1315 in
433 1248 586 1342 sepulcro
606 1259 663 1331 avi
682 1264 797 1338 uxoris
818 1269 937 1346 locatae
960 1280 1044 1357 sunt.
1063 1290 1102 1364 δι

129 1347 307 1450 lulianus,
320 1361 485 1438 successor
498 1369 585 1459 illius
595 1427 605 1462 ,
622 1398 746 1474 corpus
758 1382 828 1475 ejus
839 1411 967 1485 quanto
986 1405 1098 1494 potuit

1 1509 2 1514 =
129 1471 277 1549 honore
298 1475 470 1556 funeratus
498 1483 564 1575 esl,
585 1515 660 1564 cum
683 1495 717 1569 id
744 1499 779 1570 in
803 1504 930 1583 Palatio
956 1519 1097 1610 reperis·

131 1593 206 1666 set:
222 1593 279 1691 qui
302 1621 471 1696 nunquam
489 1603 560 1697 ejus
580 1610 679 1684 ullam
699 1597 906 1699 mentionem
929 1635 983 1706 vel
1006 1641 1096 1734 apud
1137 1627 1143 1647 Κ

130 1711 329 1806 populum,
342 1718 397 1788 vel
409 1725 497 1815 apud
520 1724 665 1802 senatum
682 1737 815 1830 publice
831 1742 927 1822 fecit:
943 1751 997 1826 sed
1015 1784 1093 1840 etun
1184 1841 1186 1848 ,

130 1823 204 1924 ipse
224 1855 362 1930 quoque
378 1863 396 1908 a
417 1840 577 1917 militibus
597 1849 742 1927 desertus
761 1855 825 1947 jam
849 1865 946 1959 esset,
960 1899 1020 1968 pet
1039 1880 1091 1961 se··¹

114 1963 251 2017 “natum
266 1949 483 2044 &populum
499 1957 650 2032 Pertinax
667 1963 701 2035 in
718 1967 814 2042 Deos
829 1979 950 2054 relatus
964 1987 1021 2064 est.
1053 1994 1056 2001 '
1149 2052 1152 2066 ,

162 2041 260 2137 XV.
274 2067 345 2139 Sub
358 2071 485 2142 Severo
505 2095 615 2149 autem
630 2073 834 2176 imperatore
852 2117 930 2169 cum
950 2103 1088 2186 Senatus

126 2177 252 2279 ingens
271 2170 498 2260 testimonium
519 2191 680 2269 habuisset
694 2201 870 2296 Pertinax,
885 2211 985 2290 sunus
1005 2224 1088 2300 ima·
1145 2264 1150 2272 ⁵

125 2297 296 2393 ginarium
318 2301 350 2374 ei
375 2305 412 2376 δι
436 2307 623 2383 censorium
646 2317 780 2393 duslum
804 2325 993 2415 esl3&ab
1013 2342 1087 2438 ipso
1233 2400 1235 2406 ,
1333 2370 1336 2376 '
1438 2305 1440 2322 ι

125 2417 259 2490 Severo
276 2417 408 2492 funebri
428 2422 622 2502 laudat-lone
641 2447 779 2512 ornatus
802 2444 859 2525 est.
882 2452 951 2545 lpse
972 2479 1084 2539 autern

125 2539 275 2644 Severus
289 2565 406 2613 amore
424 2544 506 2646 boni
526 2549 706 2645 Principis,
723 2560 760 2631 bt
774 2585 791 2630 a
805 2563 926 2648 Senatu
940 2566 1087 2656 Pertina-¹

122 2660 168 2726 cis
199 2678 327 2726 nomen
352 2663 489 2753 accepit.
513 2666 615 2741 Filius
636 2671 814 2754 Pertinacis
838 2689 939 2779 patris
962 2694 1084 2792 flamen
1189 2751 1192 2758 -

8 2775 24 2826 .’
123 2767 169 2838 est
192 2765 311 2839 sosius.
329 2771 490 2845 Marciani
516 2777 661 2868 sodales,
680 2790 737 2882 qui
755 2792 842 2866 Divi
863 2804 972 2896 'Marci
994 2811 1085 2894 sacra

124 2885 307 2972 curabant,
321 2889 475 2961 salviam·
491 2891 565 2969 sunt
577 2899 654 2972 dieti
675 2929 814 3002 propter
829 2914 990 3023 Helvium
1004 2931 1083 3006 Per.

56 3072 57 3087 ,
123 3001 277 3074 tinacem.
295 3003 488 3095 Circenses,
510 3014 547 3085 &
571 3015 702 3112 imperii
717 3027 831 3102 natalis
854 3036 980 3134 additi,
997 3045 1014 3147 (
1024 3055 1082 3149 qni

1 3179 2 3196 ,
35 3117 38 3130 “
115 3115 141 3188 ‘a
158 3119 288 3190 Seve'ro
308 3122 421 3213 possea
438 3125 553 3200 sublati
573 3130 666 3232 sunt)
687 3141 726 3226 δι
741 3145 921 3243 Genitiali,
936 3163 994 3255 qui
1012 3192 1083 3244 mae
1103 3158 1104 3162 ¹

122 3253 210 3305 nent.
227 3235 335 3308 Natus
348 3259 459 3311 autem
478 3243 641 3320 Kalendis
662 3257 834 3352 Augustis,
857 3268 949 3341 Vero
969 3280 1006 3350 &
1025 3284 1083 3357 Βὶ.,1

122 3343 202 3420 bulo
221 3353 437 3428 Consulibus.
458 3362 650 3441 lnterseslus
668 3358 783 3449 autem
800 3381 847 3450 est
865 3389 986 3480 quinto
1005 3397 1080 3470 Ka·
1168 3381 1185 3411 ⁹

122 3463 234 3548 lendas
254 3472 399 3566 Aprilis,
417 3478 562 3552 Falcone
585 3487 746 3564 &Claro
770 3495 997 3582 Consulibus..
1014 3515 1080 3595 vi,

121 3577 171 3649 xit
197 3586 292 3656 annis
321 3587 508 3694 sexaginta,
530 3601 696 3692 mensibus
723 3599 864 3704 septem,
886 3615 1000 3692 diebus
1023 3627 1083 3703 via·

121 3693 200 3787 giuti
219 3699 476 3799 sex.lmperayit
487 3717 651 3791 mensibus
666 3723 818 3815 duobus,
834 3727 950 3802 diebus
966 3734 1079 3833 vigin-

123 3808 317 3920 tiquinque.
334 3823 555 3924 Congiarium
571 3835 662 3910 dedit
681 3843 814 4011 popullo
827 3845 982 3922 denarios
999 3877 1084 3938 cens
1233 3904 1235 3919 ¹

307 3963 309 3968 .
825 3969 845 4016 2
982 3998 988 4008 .
