2856 4824
270 303 545 422 turomuus
572 298 930 419 innueramus
1016 339 1088 450 237
1203 437 1207 448 g

125 513 183 578 bor
198 514 319 580 Iocutus
330 509 407 602 sum
420 535 433 579 .·
449 513 485 579 de
501 532 529 580 te
551 511 606 578 hoc
621 512 733 578 audivi
747 535 760 578 .·
782 514 819 580 de
837 535 864 583 te
878 513 1088 602 bocfuturam

121 618 165 716 est
174 643 188 687 .·
202 635 239 686 ut
254 615 330 688 sunt
347 616 500 688 homines
515 613 730 707 hujusmodi,
750 616 825 711 qui,
841 617 864 688 sr
878 619 1002 691 admillr
1016 619 1092 702 fue-2

124 727 194 796 rint
215 725 256 796 ad
279 723 414 796 nimiam
437 722 694 797 familiaritatem
720 725 914 821 Principum
928 727 1091 816 ,famant

125 856 198 903 non
220 830 328 906 solum
353 833 541 920 malorum,
565 831 621 905 sed
643 835 681 906 δι
703 833 874 905 bonorum
894 833 1090 931 Principum
1139 901 1140 906 ,

126 938 302 1028 vendunt,
321 941 360 1014 δι
379 939 460 1034 qui,
482 938 619 1011 stultitia
642 939 699 1010 vel
723 939 920 1014 innocentia
943 945 1092 1039 Impera·

123 1063 260 1138 torum,
280 1047 340 1144 qui
360 1048 429 1120 boc
447 1043 754 1141 ¹nonperlpiciunt
764 1099 778 1134 ,
798 1046 916 1120 infami
941 1049 1089 1146 rumige-

125 1155 257 1230 ratione
272 1156 458 1253 pascuntur.
469 1155 595 1252 Nupsit
613 1158 650 1229 δι
664 1155 767 1244 coiit,
785 1176 823 1230 ut
841 1160 1087 1255 &pronubum

124 1265 271 1352 haberet,
284 1265 524 1361 clamaretque,
539 1269 673 1336 Concide
685 1269 828 1361 Magire,
843 1268 936 1338 &eo
949 1268 1086 1363 quidem
1218 1277 1221 1281 “
1311 1295 1316 1302 ·

123 1377 301 1467 tempore,
312 1396 383 1469 qno
402 1371 542 1446 Zoticus
556 1373 750 1472 aegrotabat.
764 1372 950 1464 Quaerebat
963 1373 1087 1448 deinde

122 1505 143 1551 a
159 1480 368 1578 philosophis
384 1481 421 1554 δι
435 1480 631 1577 gravillrmis
648 1481 752 1569 viris,
768 1505 810 1553 an
826 1482 863 1552 dt
878 1480 938 1576 ipsr
947 1480 989 1552 in
1005 1482 1089 1554 ado·

122 1589 280 1664 lescentia
291 1591 430 1687 perpelli
444 1587 548 1662 client
557 1645 569 1679 ,
579 1615 656 1688 quae
672 1590 741 1687 ipse
761 1606 949 1686 pateretur,
963 1592 1001 1664 δι
1014 1591 1091 1686 qui-1

112 1703 203 1773 dem
229 1702 532 1798 impudentiffime:
553 1703 773 1800 nequeenim
796 1703 945 1798 unquam
974 1703 1089 1784 verbis

123 1809 275 1906 pepercit
298 1809 507 1899 infamibus,
538 1834 615 1883 cum
634 1797 675 1882 ’δι
704 1808 816 1908 digitis
833 1808 1090 1905 'impudicitiam

123 1917 328 2008 ostentaret,
347 1941 409 1992 nec
426 1917 515 1990 ullus
536 1916 573 1989 in
594 1937 773 1992 conventu
792 1919 830 1993 dt
849 1918 1004 1994 audiente
1024 1945 1089 2018 po·

122 2028 209 2122 pulo
229 2029 307 2100 effet
324 2029 447 2123 pudor.

171 2137 233 2209 Xl.
253 2135 346 2212 Fecit
366 2137 506 2210 libertos
526 2135 701 2224 Praesrdes,
717 2137 884 2232 Legatos,
899 2135 1090 2228 Consules,

123 2247 261 2338 Duces,
276 2244 648 2343 omnesquedignitates
663 2243 787 2339 polluit
803 2243 1014 2340 ignobilitate
1022 2245 1090 2317 hoa¹
1163 2317 1166 2324 ,

89 2411 94 2420 .
123 2357 253 2431 minum
282 2357 501 2454 perditorum.
529 2359 619 2430 Cum
644 2357 687 2429 ad
722 2356 909 2450 vindemias
939 2356 1089 2430 vocallel

123 2467 253 2540 amicos
267 2467 472 2557 nobilem&
492 2469 534 2542 ad
556 2466 677 2541 corbes
700 2467 843 2556 sedisset,
858 2465 1114 2565 gravillimum'

121 2599 293 2679 quemque
318 2575 510 2669 percontari
539 2572 666 2668 coepit,
695 2597 739 2644 an
764 2591 918 2668 promtus
946 2573 1025 2645 cllet
1051 2573 1093 2646 in

122 2687 292 2758 Venerem
302 2723 320 2774 ,·
340 2683 676 2778 erubescentibusque
698 2682 829 2758 senibus
857 2684 1091 2775 exclamabat,
1127 2747 1129 2754 t

122 2798 284 2884 Erubuit,
303 2796 400 2888 firlva
421 2822 466 2866 res
492 2795 550 2894 est,
578 2791 744 2865 silentium
770 2818 809 2866 ac
833 2793 994 2866 ruborem
1020 2815 1088 2887 pro
1125 2814 1127 2820 ’

121 2905 284 2981 consensu
303 2906 438 2978 ducens.
459 2903 599 2976 Addidit
618 2920 797 2999 praeterea,
815 2903 885 3000 ipse
898 2927 975 2999 quae
997 2900 1090 2980 face-1

121 3033 196 3104 ret,
211 3013 279 3086 srne
298 3013 400 3086 ullius
417 3013 557 3107 pudoris
572 3012 778 3086 velamento.
794 3011 1014 3109 Posteaquam
1035 3011 1089 3084 se·

120 3148 181 3196 nes
205 3123 290 3197 vidit
311 3121 504 3196 erubescere
524 3111 720 3210 ac'tacere,
741 3121 796 3192 vel
817 3120 894 3217 quia
912 3140 1013 3206 atas,
1029 3117 1088 3192 vel

122 3234 201 3334 quia
222 3234 365 3332 dignitas
385 3231 462 3305 talia
488 3231 674 3319 referebam
695 3231 843 3305 contulit
867 3231 901 3302 se
922 3232 963 3302 ad
985 3230 1088 3323 juve·
1121 3259 1122 3262 ¹

121 3370 201 3435 nes,
228 3348 266 3418 δι
291 3345 333 3416 ab
357 3341 408 3414 his
433 3341 539 3437 coepit
570 3340 687 3412 omnia
714 3338 901 3437 exquirere.
924 3363 943 3410 a
963 3335 1087 3434 quibus

122 3477 200 3528 eum
224 3454 353 3526 audiret
375 3450 465 3524 aetati
487 3473 656 3548 congrua,
681 3449 825 3548 gaudere
848 3444 1009 3540 coepit&
1030 3444 1087 3516 di·
1135 3514 1141 3533 ,

121 3584 217 3653 cere,
236 3587 316 3637 vere
337 3559 476 3634 liberam
501 3559 705 3650 vindemiam
727 3557 814 3646 elle,
834 3580 934 3652 quam
955 3553 1002 3626 fic
1025 3577 1086 3630 ce·-¹

122 3673 301 3748 lebrarent.
313 3673 437 3742 Ferunt
454 3668 571 3759 multi,
585 3670 625 3740 ab
640 3669 713 3763 ipso
731 3667 875 3760 primurn
894 3679 1084 3758 repertum,

122 3778 218 3854 utin
246 3776 495 3856 vindemiarum
517 3775 642 3856 festivo
662 3774 767 3849 multa
791 3772 833 3855 in,
849 3770 1009 3852 dominos
1027 3766 1081 3867 jo·‚
1215 3877 1225 3892 N

312 4111 328 4157 x
473 4103 476 4110 .
