2884 4828
264 355 953 438 couuonusnurouruus.
1031 325 1105 460 ἠς

191 533 288 608 XlV.
304 533 368 606 Per
383 531 472 606 hanc
491 548 603 603 autem
624 527 885 627 negligentiam,
900 549 976 604 cum
990 535 1026 606 dt
1048 557 1108 626 an·

51 659 53 664 ’
144 665 272 716 nonum
297 639 466 716 vallarent
487 638 512 712 ii
521 661 537 730 ,’
555 637 616 736 qui
638 661 722 712 tunc
741 638 982 736 rempublicam
1012 666 1109 739 gere·

145 752 246 840 bant,
261 750 361 824 etiam
384 749 501 845 inopia
518 749 638 848 ingens
662 749 783 822 Romae
804 765 923 822 exorta
944 748 1013 839 est,
1030 775 1108 825 cum

145 861 254 958 fruges
274 885 346 934 non
364 859 529 940 deellent:
543 863 582 936 bt
596 883 657 934 eos
675 860 831 959 quidem,
843 859 904 958 qui
918 862 1034 936 omnia
1049 888 1111 936 va·

146 976 296 1064 stabant,
315 973 430 1069 pollen
450 975 665 1048 Commodus
686 973 815 1049 occidit
838 993 939 1073 atque
961 975 1113 1073 proteri-⁴

146 1087 221 1183 psit.
249 1084 321 1182 lpse
346 1109 433 1161 uero
463 1085 609 1160 seculum
633 1109 796 1176 aureum,
819 1082 1112 1162 Commodianum

147 1197 288 1269 nomine
318 1195 533 1284 affimulans,
560 1193 727 1266 vilitatem
756 1195 955 1290 proposuit3
977 1219 1018 1268 ex
1047 1221 1113 1294 qun
1157 1241 1159 1247 ·

106 1364 116 1374 .
147 1307 312 1401 majorem
334 1306 509 1400 penuriam
539 1304 631 1378 fecit.
653 1305 755 1380 Multi
777 1306 896 1378 subeo
912 1308 1113 1382 &alienam

145 1441 312 1515 poenam,
326 1419 364 1490 δι
379 1415 468 1487 suam
483 1414 627 1488 salutem
636 1413 775 1511 pecnnia
788 1413 1012 1488 redemerunt.
1022 1419 1116 1490 Ven·
1228 1446 1234 1468 ν

147 1527 236 1600 didit
256 1524 356 1598 etiam
382 1523 626 1620 suppliciorum
651 1524 881 1610 diverfitates,
902 1530 940 1601 bt
966 1529 1114 1622 sepultu·

148 1661 222 1722 ras,
245 1639 284 1712 δι
305 1634 562 1711 imminutiones
586 1632 772 1724 malorum,
794 1637 831 1708 δι
849 1636 932 1709 alios
955 1662 1021 1733 pro
1036 1637 1114 1712 'aliis

149 1747 287 1823 occidit.
310 1743 472 1820 Vendidit
491 1745 594 1819 etiam
621 1745 879 1842 provincias&
905 1739 1117 1824 administra·

34 1861 48 1952 ,’
136 1847 284 1941 tiones}
305 1867 383 1928 cum
405 1853 466 1946 hi,
488 1879 548 1951 per
567 1879 656 1952 quos
676 1856 859 1947 venderet,
878 1878 1006 1953 partem
1028 1862 1116 1936 acci.

150 1984 288 2065 petent,
307 1983 435 2062 partem
447 1987 534 2038 vero
550 1965 775 2041 Commodus.
788 1967 952 2046 Vendidit
967 1957 1119 2044 nonnula

151 2077 195 2174 lis
215 2079 254 2150 δι
273 2075 490 2150 inimicorum
513 2072 647 2148 suorum
663 2076 781 2149 codes,
802 2077 1038 2152 Vendiderunt
1056 2083 1119 2162 sub.
1230 2109 1232 2114 ·

151 2198 198 2256 eo
210 2183 311 2256 etiam
324 2201 470 2256 eventus
484 2180 595 2256 litium
609 2180 734 2256 liberti.
746 2180 923 2256 prefectos
935 2183 1116 2262 Paternum

152 2292 395 2368 &Perennem
416 2288 564 2364 non'diu
584 2289 682 2376 tulit}
694 2289 740 2364 itn
760 2307 891 2383 tamen,
910 2311 947 2366 ut
960 2293 1060 2368 etiam
1075 2298 1116 2372 de
1149 2311 1152 2318 '

153 2404 207 2477 his
226 2399 411 2500 praefectis,
430 2398 606 2497 quos‘ipse
630 2398 777 2487 fecerat,
799 2402 982 2478 triennium
1003 2406 1118 2481 nullus

154 2513 334 2610 impleret:
362 2534 511 2607 quorum
535 2509 707 2605 plurimos¹
729 2511 900 2602 interfecit
928 2514 986 2587 vel
1010 2542 1119 2614 vene·
1250 2505 1251 2512 ἵ

143 2647 228 2712 no,
250 2623 308 2742 vel
321 2621 445 2718 gladio.
466 2622 508 2716 Et
528 2617 704 2716 profestos
726 2619 814 2692 Urbi
826 2621 942 2720 eadem
956 2619 1119 2700 facilitate
1217 2722 1220 2727 ι
1278 2601 1279 2604 ¹

115 2759 118 2767 '
154 2748 314 2808 muta-vlt.
375 2769 378 2776 ’
408 2756 415 2799 .’

213 2842 295 2915 XV.
320 2834 558 2912 Cubicularios
587 2831 666 2908 suos
693 2834 837 2910 libenter
864 2837 1017 2930 occidit,
1041 2867 1119 2917 cunt
1247 2890 1248 2899 κ

156 2949 275 3025 omnia
296 2971 337 3020 ex
352 2961 443 3020 'nutu
463 2961 582 3020 eorum
605 2945 735 3041 semper
752 2945 888 3022 fecisset.
906 2949 1038 3032 Eleblus
1059 2971 1122 3026 cu.

65 3089 71 3103 *
156 3059 364 3145 bicularius,
385 3081 462 3130 cum
482 3056 633 3147 videret,
648 3079 725 3131 eum
743 3074 810 3130 tam
830 3054 927 3129 facile
947 3059 1123 3134 cubicula·
1259 3153 1262 3158 Ι

158 3171 230 3244 rios
257 3167 437 3256 decidere,
456 3166 623 3262 praevenit
641 3190 717 3238 eum
733 3153 809 3252 J&
835 3163 972 3244 factioni
1000 3174 1122 3245 mortis

134 3307 136 3310 ’
159 3281 232 3377 eius
252 3278 626 3374 -interfiringdpeflaror
653 3277 851 3373 gladiatoria
872 3277 983 3354 snmfit
1002 3305 1092 3354 arma
1108 3300 1129 3369 ,'

152 3390 275 3492 panno
298 3393 472 3488 purpureo
493 3390 603 3461 nudos
624 3388 783 3460 humeros
805 3385 976 3492 advelans.
997 3389 1123 3462 Habuit

160 3521 322 3602 praterea
343 3513 503 3588 motem,
531 3517 571 3571 nt
592 3497 730 3586 omnia,
754 3521 830 3598 quae¹
852 3497 1019 3590 turpiter,
1044 3521 1148 3592 quae.
1278 3543 1280 3545 -

162 3613 410 3708 impure,lquae
429 3603 629 3696 crudeliter',
649 3633 727 3704 quae
748 3605 964 3704 gladiatorie,
980 3629 1058 3701 quae
1079 3605 1127 3678 le·

21 3697 24 3806 i
164 3723 292 3795 nonice
312 3717 456 3809 faceret,
479 3719 559 3792 aclis
582 3720 687 3791 Urbis
706 3717 778 3790 indi
795 3716 948 3811 juberet,
966 3735 1005 3801 ut
1027 3712 1128 3791 Marii

129 3853 134 3873 '
162 3829 312 3908 Maximi
337 3830 457 3922 scripta
478 3829 648 3906 tollantur.
668 3827 930 3917 Commodianum
944 3821 1042 3897 etiam
1063 3851 1130 3924 ρος

242 3943 372 4037 Scriptt.
393 3941 441 4012 H.
462 3944 512 4018 A.
894 3934 926 4003 Η
968 4024 1005 4056 ss
