2856 4824
333 246 405 395 ψ
490 301 1151 376 nnrrnrurnruu

330 460 474 538 exemtis
494 477 673 548 necarent,
689 459 775 536 alios
792 460 835 534 ab
855 460 922 536 ima
945 479 1037 562 parte
1056 463 1296 562 perfoderent,
1415 427 1417 488 l

332 589 373 646 ut
391 597 482 646 mors
503 572 582 646 effer
603 570 683 646 vire
700 567 926 646 consentiens.
990 649 994 656 ,
1297 651 1300 657 ,
1414 491 1417 688 l

379 683 490 755 XVll.
510 679 588 754 Post
610 679 679 756 hoc
701 681 737 754 in
759 703 838 758 euna
861 678 1005 776 impetus
1029 679 1131 759 fellus
1150 681 1220 770 est,
1242 701 1296 756 at··
1416 689 1417 694 ’

330 815 400 889 que
415 789 452 864 in
466 788 606 877 latrina,
626 789 669 862 ad
686 813 786 885 quam
805 787 1030 884 confugerat,
1045 789 1187 864 occisus.
1208 791 1294 864 Tra·
1415 805 1417 928 p

171 931 179 947 =
331 901 402 972 blus
423 894 542 971 deinde
565 919 625 992 per
641 895 835 992 publicum,
855 896 1032 992 additaque
1051 895 1174 990 injurie
1195 899 1294 972 cada·
1416 937 1417 952 κ

181 997 194 1078 .’
331 1007 408 1082 veri
425 1005 493 1095 est,
513 1021 552 1080 ut
568 1005 603 1078 id
622 1003 658 1076 in
682 1003 872 1080 cloaculam
893 1004 1015 1079 milites
1038 1006 1217 1081 mitterent.
1238 1008 1293 1082 sed

331 1224 525 1312 AEnrilium,
539 1245 676 1296 annexo
692 1225 866 1320 pondere,
883 1247 926 1298 ne
943 1223 1113 1317 fluitaret,
1135 1227 1170 1300 in
1188 1228 1292 1300 Tibe·

330 1334 398 1408 rim
418 1331 583 1428 abjellum
604 1331 671 1426 est,
690 1355 732 1406 ne
749 1357 899 1432 unquam
919 1331 1050 1430 sepeliri
1070 1336 1188 1434 pollet.
1205 1336 1291 1410 Tra·

329 1445 420 1520 &unt
440 1443 487 1519 est
510 1443 655 1518 cadaver
673 1440 747 1538 ejus
768 1443 867 1542 etiarn
884 1469 944 1540 per
965 1444 1061 1519 Circi
1080 1447 1200 1544 spatia,
1219 1449 1292 1544 pri·

330 1555 469 1654 usquam
495 1552 531 1626 in
552 1552 704 1628 Tiberim
734 1553 1007 1651 precipitaretur.
1027 1557 1169 1634 ¹Nomen
1193 1556 1291 1650 ejus,

306 1743 312 1756 ¹
329 1663 366 1738 id
381 1665 427 1737 cll
434 1659 602 1734 Antonini
611 1713 622 1750 ,
635 1660 760 1734 erasum
775 1661 835 1752 est,
848 1664 971 1736 Senatu
984 1662 1138 1758 jubente,
1155 1691 1290 1742 reman-

328 1770 436 1867 fitque
455 1767 557 1840 ⁴Varii
585 1767 816 1864 Heliogabali:
837 1769 996 1866 srquidem
1024 1772 1108 1847 illud
1133 1770 1290 1852 affeclato

328 1878 534 1963 retinuerat,
562 1897 639 1948 cum
662 1875 738 1968 vult
763 1876 872 1949 videti
900 1873 988 1950 filius
1010 1880 1187 1954 Antonini.
1203 1887 1290 1978 'Ap-

329 1988 471 2087 pellatus
490 1984 536 2059 ell
558 1983 634 2080 post
659 2001 803 2059 mortem
829 1989 1012 2071 Tiberinus,
1033 1991 1072 2062 δι
1095 1991 1289 2084 Τναᾶἰτίιις,

329 2099 368 2172 &
384 2100 549 2192 Impurus,
567 2096 604 2167 &
619 2093 743 2185 multa,
756 2094 781 2166 li
795 2094 933 2193 quando
951 2121 989 2169 ca
1008 2087 1101 2170 erant
1116 2098 1288 2196 defignan·
1364 2180 1366 2186 ¹

303 2243 306 2256 ·
329 2210 392 2294 da,
406 2233 482 2305 quae
495 2205 554 2278 sub
566 2230 609 2279 eo
630 2205 713 2280 facia
730 2206 1119 2306 videbanturrlolulque
1135 2210 1289 2286 omnium
1358 2280 1362 2289 ,

328 2317 523 2412 Principum
540 2315 661 2410 trullus
675 2315 743 2406 cll,
761 2318 799 2390 δι
821 2314 865 2387 in·
876 2315 1026 2391 cloacam
1048 2311 1159 2390 missus
1172 2373 1184 2408 ,
1197 2323 1235 2396 δι
1252 2321 1288 2394 in
1415 2411 1416 2414 Ἴ

328 2424 481 2502 Tiberim
491 2422 840 2520 precipitatusrquod
852 2425 935 2497 odio
948 2426 1123 2500 communi
1135 2429 1288 2502 omnium
1415 2485 1416 2524 3

330 2534 534 2634 contigit,a
559 2555 632 2629 quo
653 2530 823 2628 speciatim
848 2558 970 2624 cavere
994 2535 1117 2608 debent
1141 2536 1287 2632 impera·

330 2641 619 2734 rores;s1quidem
639 2666 702 2715 nec
718 2640 867 2739 sepulcra
889 2665 1100 2737 mereantur,
1116 2646 1174 2741 qui
1188 2673 1288 2721 amo·
1415 2647 1416 2734 ζ

330 2776 411 2842 retu¹
428 2752 587 2837 Senatus,
612 2749 753 2844 populi,
773 2775 813 2822 ac
837 2751 980 2842 militum
1010 2777 1082 2826 non
1109 2774 1289 2830 merentur.
1415 2833 1416 2854 ,

329 2865 445 2958 Opera
457 2856 592 2954 publica
604 2857 704 2953 ipsius
719 2879 838 2954 preter
853 2863 956 2936 aedem
974 2864 1185 2962 Heliogabali
1196 2869 1287 2958 Dei,
1415 2861 1416 2880 ¹

267 3043 269 3048 ,
325 2991 431 3067 'quem
448 2969 559 3042 Solem
574 2969 719 3058 alii,alii
739 2973 861 3044 lovem
876 2973 1288 3072 dicunt‚&amphithea·

329 3081 373 3154 tri
392 3077 583 3152 instauratio
603 3078 926 3179 postvexustionem
946 3085 1169 3170 &lavacrum
1185 3086 1220 3158 in
1236 3085 1286 3159 ri·
1415 3065 1416 3136 l

326 3210 374 3262 co
392 3183 561 3280 Sulpicio,
582 3185 677 3280 quod
703 3187 897 3262 Antoninus
916 3191 1032 3265 Severi
1055 3189 1143 3264 filius
1167 3217 1286 3288 coepe·
1415 3275 1416 3278 Ἴ

329 3312 401 3385 rat,
427 3294 520 3366 nulla
540 3293 678 3370 exstant.
705 3299 748 3369 Et
768 3297 939 3374 lavacrum
960 3300 1096 3398 quidem
1117 3297 1286 3372 Antonini

328 3405 522 3480 Caracallus
535 3405 763 3497 dedicaverat,
778 3410 815 3481 &
829 3408 989 3500 lavando,
1001 3410 1039 3484 be
1051 3411 1216 3506 populum
1230 3409 1287 3480 ad·

327 3515 514 3618 mittendo:
537 3513 593 3588 sed
614 3516 767 3612 porticus
790 3516 985 3611 defuerant,
1008 3542 1088 3616 quae·
1108 3519 1219 3616 pollea
1244 3515 1287 3588 ab

328 3626 397 3698 lroc
431 3625 606 3699 subdiririo
639 3627 818 3702 Antonino
844 3629 1017 3704 exstrublae
1044 3629 1148 3722 lunt,
1174 3634 1212 3706 δι
1244 3629 1288 3704 ab

265 3794 270 3802 .
331 3735 523 3808 Alexandro
537 3735 701 3832 perfetta.

331 1143 411 1192 cum
435 1139 507 1188 non
534 1115 671 1212 cepisset
692 1114 847 1190 cloacula
879 1114 1049 1208 fortuito,
1068 1141 1128 1214 per
1150 1139 1292 1214 pontem
