2782 4814
293 437 298 448 ,
354 377 412 458 x„
501 321 647 436 ἰιιιιῑ
673 363 794 436 tac.
822 365 1142 438 scareroteon
1236 384 1240 392 ·

355 525 505 595 derentier.
546 529 659 596 Veram
685 553 749 596 non
766 529 872 618 plnres
899 530 1024 619 repetit,
1047 553 1139 620 quam
1162 527 1314 599 XXlXt'

357 637 484 727 ltaque,
506 658 543 705 ut
562 663 720 706 numerum
742 641 906 706 rotundum
931 639 1087 728 impleret,
1107 635 1221 723 adjecit
1241 641 1313 708 Va·
1348 676 1350 685 ι

354 749 464 815 lentent
474 747 677 838 superiorem,
691 747 789 816 alieni
810 748 954 838 temporis
977 767 1167 837 tyrannum,
1180 769 1214 817 ut
1226 757 1314 840 qtlem

355 852 418 945 ipse
431 855 528 922 Decii
549 855 735 946 temporibus
755 850 903 950 rebellaffe
921 853 1074 942 fateatur.
1092 855 1164 924 Hoc
1178 880 1244 925 oete
1257 853 1314 952 est,

356 967 440 1055 quod
462 964 564 1058 Grati
586 951 715 1051 dictiue,
737 965 880 1031 δουλεύειν
899 967 936 1046 τῇ
964 964 1113 1036 oeoeleo,
1132 989 1170 1032 ac
1188 966 1316 1034 Lesbio·

354 1097 422 1140 rtem
434 1097 534 1176 more,
548 1073 585 1142 in
592 1072 746 1171 struc‘lura
768 1075 814 1140 oti
825 1074 971 1164 plumbea
989 1074 1113 1165 tegula,
1133 1073 1263 1163 quafit,
1279 1091 1316 1141 cet

276 1183 280 1190 ’
355 1203 421 1247 non
439 1181 544 1270 paries
566 1205 699 1266 norma,
711 1179 774 1271 sed
795 1206 905 1251 norma
922 1183 1039 1272 parieti
1062 1183 1317 1251 accommodetur.

356 1293 443 1359 Sane
461 1289 501 1388 fi
523 1314 612 1363 extra
643 1273 865 1382 Valeriani&
886 1289 1028 1360 Gallieni
1048 1313 1183 1381 tempora
1204 1291 1247 1359 ire
1272 1293 1319 1360 li·

355 1401 436 1482 cuit,
455 1425 531 1492 quot
553 1405 635 1472 alios
663 1403 793 1486 adjicere
809 1401 914 1493 potuit
936 1397 1118 1494 tyrannos!
1140 1403 1206 1470 Sel
1225 1424 1261 1471 ιιι
1279 1402 1316 1470 ἰιι

256 1578 263 1585 .
321 1507 322 1512 ¹
355 1535 391 1579 eo
411 1512 587 1580 Pollionem
608 1510 753 1602 excufiere
775 1536 840 1580 non
854 1505 1034 1606 poffiemtts,
1050 1513 1096 1578 ita
1113 1511 1150 1579 in
1175 1513 1231 1580 illo
1252 1515 1318 1579 cul·

350 1619 424 1711 pari
444 1645 509 1688 non
534 1622 664 1702 meruit,
687 1621 771 1710 quod
787 1621 868 1690 duas
892 1613 1057 1714 adlidiffet
1066 1616 1229 1708 feminas,
1246 1619 1317 1691 Ze·

355 1726 489 1794 nobiam'
508 1723 542 1796 o
564 1723 747 1798 Vt'iloriam.
775 1728 846 1794 Viri
865 1730 987 1818 quidem
1006 1728 1101 1811 lolli,
1122 1731 1176 1819 qui
1193 1730 1227 1796 itt
1244 1750 1320 1797 tem·
1379 1789 1381 1796 Α

351 1841 409 1925 plo
426 1841 517 1926 pacis
534 1839 712 1924 convenire,
735 1827 827 1930 deque
844 1838 942 1906 literis
958 1835 1086 1906 ttat‘iore
1095 1835 1221 1927 solent,
1235 1835 1319 1906 illud

246 1943 249 1947 ’
356 1946 391 2010 in
416 1945 562 2015 Pollione
583 1945 861 2036 reprehendebant,
887 1945 991 2034 quodo
1020 1944 1143 2012 XXX
1161 1951 1318 2035 eyrarms

352 2055 533 2145 pollicitus,
558 2047 763 2147 immiscoiffet
788 2053 891 2137 dotas,
911 2072 946 2120 tte
964 2050 1015 2148 fic
1037 2055 1186 2136 dixerim,
1207 2075 1319 2145 tyran·

356 2187 437 2245 nas,
461 2168 529 2249 tel,
554 2185 590 2234 ιιι
615 2164 716 2234 Grati
744 2165 898 2244 mallent,
922 2161 1113 2246 Topattllac.
1145 2167 1256 2231 Verum
1282 2189 1319 2232 ea

351 2294 441 2364 parte
452 2278 550 2364 plane
567 2271 683 2358 injurii
698 2269 839 2361 fuerant.
858 2270 972 2357 Nam,
993 2274 1077 2362 quod
1088 2268 1231 2362 feminas
1250 2276 1320 2341 vul·
1380 2277 1381 2358 j

355 2405 397 2476 go
423 2409 486 2452 non
506 2409 653 2459 vocamus
674 2403 851 2476 tyrannos,
874 2384 963 2452 haud
987 2388 1089 2477 magis
1118 2384 1320 2466 mirandum,

357 2517 451 2584 quom
467 2499 552 2586 qaod
562 2521 617 2565 net
629 2518 770 2588 tyram
788 2497 994 2585 appellanture
1009 2493 1126 2584 Nempe
1137 2496 1175 2561 il
1190 2496 1233 2562 rei
1248 2519 1319 2562 rna·

351 2601 407 2698 pis
429 2603 615 2695 insolentia,
629 2628 722 2695 quam
746 2603 985 2688 vocobulititio
997 2605 1051 2694 fit.
1068 2605 1130 2672 Cur
1146 2604 1227 2670 enim
1248 2627 1318 2671 non

338 2707 425 2780 “eam
447 2727 616 2802 tyrannam
638 2738 740 2804 aqut,
767 2737 803 2780 oc
821 2710 926 2802 sarem
942 2763 959 2796 ,,
974 2735 1031 2784 atet
1053 2711 1242 2782 homicidam
1264 2715 1320 2780 di·
1379 2763 1380 2810 ;

360 2847 421 2890 cere
450 2822 572 2892 liceat?
588 2827 701 2914 ¹Atque
726 2845 762 2892 tet
788 2847 852 2892 nott
876 2823 993 2903 aliter,
1029 2837 1123 2912 quam
1147 2843 1320 2911 tyrannam

360 2936 492 3003 vocitare
513 2936 630 3016 liceret,
648 2918 799 3027 sanaſse
822 2956 937 3025 quoque
949 2927 1012 3022 fieb
1034 2953 1237 3022 tyrannorum
1260 2958 1321 3004 no*
1378 2931 1379 3008 ?

360 3044 463 3126 mine,
484 3043 565 3111 relat
575 3041 639 3132 sab
658 3041 797 3134 digniori
818 3063 941 3130 genere,
959 3038 1032 3106 rec‘le
1053 3060 1208 3128 tyrannas
1232 3059 1321 3115 corn-'-

357 3149 552 3244 pleclamttr5
569 3153 657 3221 laod
678 3154 787 3235 aliter,
805 3174 843 3217 at
863 3151 917 3240 qai
939 3165 1049 3238 poetas
1078 3149 1201 3232 laudet,
1225 3151 1322 3218 etiam

358 3263 496 3351 poetriae
508 3261 669 3353 intelligat.
681 3260 784 3328 Pollio
798 3256 1006 3325 nibilominus
1017 3306 1027 3336 ‚
1037 3257 1177 3325 monitus
1189 3257 1229 3324 ab
1242 3261 1322 3326 ami·
1377 3315 1378 3344 ἰ

361 3391 399 3436 co
412 3387 572 3459 propterca
582 3368 621 3459 se
640 3368 804 3457 vapulare,
824 3365 907 3453 quod
916 3376 926 3447 ',
944 3365 1105 3454 pollicitus
1125 3365 1245 3433 XXX
1267 3389 1322 3458 ty·

359 3491 498 3564 rennos,
512 3501 668 3572 tyrannas
687 3471 881 3562 immisceret,
888 3471 1029 3563 fetanda
1049 3475 1181 3543 editione
1198 3473 1324 3544 XXX

362 3584 603 3680 iilis-tyrannis
628 3587 707 3655 duos
726 3581 864 3668 adjecit,
884 3605 938 3669 eet,
952 3581 992 3680 st
1000 3581 1132 3672 femine
1150 3610 1213 3652 nort
1233 3587 1320 3653 oile·

364 3717 470 3767 rentur
486 3719 692 3788 tyrannorum
715 3719 827 3762 nomen
850 3698 970 3784 mereri,
987 3693 1120 3787 saltem,
1141 3694 1262 3762 duobus
1280 3695 1321 3763 il·

363 3803 404 3872 lis
417 3805 536 3876 additis
546 3852 557 3896 ‚
564 3793 668 3904 justa
683 3807 854 3897 expleretur
863 3829 1020 3906 numerus.
1031 3808 1135 3909 Arqtre
1151 3801 1207 3872 ltot
1221 3801 1320 3899 etflen-

514 3981 523 4008 Ι
