2884 4828
400 370 447 438 44
592 345 753 417 turri
788 343 1170 418 cnrruoamrt

253 509 258 522 '
397 522 435 578 to
456 501 616 601 praesedo
633 501 741 593 Urbi,
760 500 816 574 sed
838 501 978 598 petenti.
1001 529 1079 580 nam
1098 503 1231 582 Gavius
1244 507 1357 584 Μειιί·Ι

397 607 868 709 mus,praefet1uspraetorii,
888 609 993 707 usque
1015 611 1058 685 ad
1079 614 1276 690 vicesimum
1295 642 1358 690 an·

395 747 476 796 num
493 721 552 797 sub
573 744 618 794 eo
638 720 820 817 pervenit,
839 719 894 795 uir
908 721 1151 799 severissimus:
1169 725 1225 801 cui
1236 726 1359 804 Tatius¹

396 833 565 906 Maximus
586 829 745 908 succeffit.
769 829 806 904 in
824 828 921 926 cujus
939 831 1108 906 demortui
1133 835 1247 911 locum
1270 835 1358 908 duos

236 992 245 1004 -
394 939 571 1042 prafedos
590 939 774 1034 substituit,
790 941 928 1033 Fabium
950 943 1201 1038 Repentinum,
1213 947 1253 1020 δι
1266 947 1357 1020 Cor·

389 1051 518 1124 nelium
542 1043 768 1126 Visiorinum.
792 1052 857 1126 Sed
880 1051 1090 1147 Repentinus
1112 1050 1241 1126 famosa
1267 1078 1357 1128 voce

391 1157 561 1258 percuffus
588 1158 653 1251 ett,
676 1160 773 1257 quod
796 1159 1108 1256 perconcubinam
1128 1159 1293 1259 Principis
1314 1165 1356 1236 ad

391 1261 621 1369 prasesiuram
650 1269 802 1347 venisset.
827 1268 944 1368 Usque
971 1269 1058 1344 adeo
1082 1270 1143 1344 sub
1168 1295 1211 1346 eo
1242 1272 1354 1346 nulius
1422 1339 1423 1342 ,

386 1381 558 1478 percussus
574 1377 620 1455 est
642 1382 807 1472 Senator,
820 1399 860 1454 ut
878 1382 980 1455 etiarn
999 1379 1167 1478 parricida
1185 1381 1353 1456 confessus
1409 1381 1411 1390 ’

386 1490 424 1564 in
443 1489 697 1565 insula-deserta
715 1507 926 1587 poneretur,
943 1490 1027 1589 quia·
1043 1488 1165 1564 viuere
1185 1489 1236 1564 illi
1255 1511 1352 1566 natu·

382 1624 430 1674 tae
450 1598 579 1696 legibus
601 1621 673 1670 non
698 1597 830 1672 licebat.
863 1597 971 1688 Vini,
990 1595 1083 1688 olei,
1102 1600 1142 1673 δι
1163 1598 1268 1673 tritici
1290 1625 1350 1698 pe·

381 1710 533 1800 noriam,
544 1733 603 1805 per
615 1708 724 1782 aerarii
736 1707 787 1783 sui
803 1709 924 1783 damin
938 1709 1105 1802 emendo,
1121 1714 1159 1786 δι
1171 1711 1273 1810 gratis
1284 1739 1349 1812 po·

387 1818 471 1917 pulo
486 1819 616 1905 dando,
632 1817 770 1893 sedavit.
1423 1899 1424 1904 ,

434 1930 493 2000 lX.
511 1926 662 2000 Adversa
682 1927 754 2020 ejus
773 1926 982 2026 temporibus
999 1929 1073 2005 haec
1092 1949 1348 2027 provenerunt:
1423 1931 1424 1996 ἐ

381 2043 521 2126 Fames,
535 2039 576 2111 de
591 2063 658 2138 qua
671 2037 843 2126 diximus3
859 2039 954 2114 Circi
969 2039 1065 2114 ruina
1076 2065 1088 2128 3
1101 2057 1199 2114 terre
1209 2061 1346 2132 motus,

381 2173 454 2246 quo
468 2148 685 2223 Rhodiorum
701 2151 739 2223 δι
754 2148 841 2223 Asrae
858 2149 983 2247 oppida
999 2149 1252 2226 conciderunn
1269 2175 1345 2250 quae
1423 2185 1424 2188 ¹

381 2258 499 2344 omnia
521 2256 664 2334 mirifice
689 2258 896 2333 instauravit.
923 2261 962 2334 δι
983 2262 1105 2332 Roma
1128 2259 1344 2350 incendium,

380 2367 476 2464 quod
492 2383 656 2442 trecentas
673 2366 891 2465 quadraginta
916 2365 1038 2439 insulas
1061 2364 1118 2439 vel
1139 2367 1263 2440 domos
1288 2373 1344 2442 ab·

381 2475 494 2550 sumsit
507 2503 517 2549 z
531 2477 569 2552 δι
582 2476 811 2551 Narbonensis
827 2473 968 2558 ciuitas,
980 2474 1018 2546 &
1034 2473 1262 2548 Antiochense
1278 2500 1342 2574 op-

129 2575 133 2583 *
264 2615 271 2630 ·
379 2588 519 2685 pidum,
537 2586 859 2687 &Carthaginiense
874 2584 987 2660 sorum
1001 2583 1088 2660 arsat.
1102 2584 1228 2660 Fuit&
1241 2586 1341 2660 inun·

378 2697 475 2772 datio
492 2699 649 2772 Tiberis:
667 2693 828 2796 appatuit·
842 2701 880 2773 δι
900 2695 993 2770 stella
1016 2694 1156 2770 crinita:
1173 2715 1273 2770 natus
1296 2697 1341 2770 est

373 2807 418 2880 »δι
434 2805 548 2903 biceps
560 2831 666 2903 puer;
678 2809 716 2881 dc
735 2830 807 2880 uno
819 2824 916 2902 partu
927 2804 1075 2881 mulieris
1091 2802 1245 2902 quinque
1259 2829 1340 2900 pue·

376 2911 407 2985 ri
432 2913 513 2986 editi
533 2912 621 2988 sunt.
646 2911 744 2986 Visus
769 2909 874 2984 estin
902 2907 1026 2983 Arabia
1047 2907 1181 3004 jubatus
1199 2911 1338 3008 anguis,

376 3020 494 3118 major,
501 3020 628 3109 solitis,
643 3020 703 3117 qui
718 3019 751 3093 se
768 3045 786 3094 a
800 3019 903 3095 cauda
917 3017 1063 3092 medium
1080 3018 1238 3094 comedit.
1251 3023 1338 3093 Lues

254 3142 276 3160 “
318 3181 321 3186 -
375 3130 476 3220 etiam
497 3129 532 3203 in
550 3129 670 3205 Arabia
693 3127 771 3225 suit,
784 3128 961 3202 Hordeum
974 3128 1011 3200 in
1028 3128 1147 3202 ttoeta
1161 3128 1199 3200 in
1216 3129 1338 3204 culmi·

262 3304 269 3324 ,
296 3310 301 3315 .
376 3241 473 3312 nibus
490 3242 649 3316 arborum
665 3251 779 3313 natum
798 3239 854 3312 est
870 3239 1030 3334 Quatuor
1044 3256 1204 3334 praterea
1219 3239 1336 3313 leones

138 3347 147 3366 ‘
299 3447 301 3450 Ι
374 3347 558 3438 mansueti,
580 3348 698 3444 sponte
720 3348 753 3422 se
774 3347 958 3444 capiendos
981 3346 1157 3424 inArnbia
1179 3348 1334 3444 prabue-
1422 3341 1423 3398 ³

371 3482 461 3537 runt.
476 3459 707 3534 Pharasmanes
721 3483 782 3532 rex
796 3457 838 3532 ad
852 3481 928 3532 eum
946 3459 1094 3533 Romam
1113 3457 1228 3545 uenit,
1242 3459 1334 3555 plus·
1422 3467 1423 3550 i

371 3597 439 3671 que
455 3571 526 3661 illi,
545 3596 647 3668 quam
659 3569 864 3657 Hadriano,
882 3565 1012 3642 detulit.
1027 3569 1197 3644 Pacorum
1218 3562 1332 3667 re'gem
1422 3559 1423 3591 ¹

313 3711 314 3716 ¹
370 3682 461 3758 Lazis
481 3681 582 3756 dedit.
598 3682 798 3754 Parthorum
823 3701 935 3776 regern
952 3677 993 3752 ab
1012 3674 1251 3784 Armeniorum
1274 3705 1331 3752 ex·

319 3843 322 3852 -
369 3791 577 3890 pugnatione
596 3789 675 3866 solis
692 3787 794 3862 literis
814 3785 946 3886 repulit.
959 3787 1129 3886 Abgarum
1149 3811 1262 3885 regem
1285 3811 1327 3905 ert
1421 3887 1422 3894 ἵ
