2782 4814
293 301 374 418 '34
475 313 647 388 AELII
696 311 1133 391 SPARTIANI
1210 419 1212 423 .

322 477 407 552 lium
422 475 518 552 suum
531 471 657 548 dixisse.
669 475 739 547 lam
752 471 810 547 illa
821 473 973 563 leviora,
983 477 1080 573 quod
1094 477 1283 554 cursoribus

322 587 390 661 suis
412 585 567 682 exemplo
581 583 789 680 Cupidinum
807 583 875 656 alas
897 583 1090 682 frequenter
1107 587 1280 684 apposuit,

321 697 446 796 eosque
468 711 655 769 ventorum
673 694 869 768 nominibus
886 694 972 793 saepe
996 698 1191 784 vocitavit;
1211 703 1282 771 Bo·

322 837 405 882 ream
426 806 548 888 alium,
571 803 673 876 alium
686 809 828 890 Notum,
843 806 881 878 δι
900 803 980 880 item
995 811 1210 900 Aquilonem,
1226 829 1283 884 aut
1333 814 1335 820 ’

321 919 479 1005 Circium,
499 912 683 1011 ceterisque
706 912 902 988 nominibus
924 915 1115 1010 appellans3
1131 921 1169 991 δι
1188 918 1284 992 inde·

173 1113 176 1118 Ι
320 1025 399 1098 sesse
412 1042 514 1122 atque
525 1021 755 1099 inhumaniter
767 1021 893 1102 faciens
904 1024 1075 1099 cursitare.
1087 1026 1176 1099 ldem
1193 1052 1285 1100 uxo-

320 1134 370 1216 ri,
385 1131 610 1232 conquerenti
634 1134 676 1207 de
699 1134 866 1208 extraneis
889 1135 1144 1232 voluptatibus,
1166 1140 1285 1236 dixisse

320 1245 446 1337 fertur:
465 1240 572 1319 Parere
591 1273 638 1318 me
649 1275 708 1340 per
725 1249 810 1318 alias
823 1274 953 1318 exercere
975 1251 1159 1342 cupiditates
1176 1276 1286 1324 mear:

320 1385 405 1432 uxor
422 1359 503 1428 enim
518 1359 686 1452 dignit-eris
702 1385 816 1430 uomere
835 1359 892 1458 est,
907 1385 973 1428 uon
996 1363 1181 1452 uoluptatis.
1202 1357 1283 1448 Eius

320 1463 409 1540 filius
424 1465 471 1540 est
485 1464 681 1553 Antoninus
696 1467 806 1538 Verus
816 1519 826 1553 ,
838 1465 897 1560 qui
913 1466 1092 1561 adoptatus
1110 1467 1187 1542 esta
1200 1473 1286 1542 Mar·

286 1561 291 1574 ¹
320 1603 389 1664 co,
409 1576 466 1649 vel
483 1595 575 1648 certe
593 1599 671 1649 curn
694 1577 835 1663 Marco,
858 1577 896 1648 dc
917 1599 996 1648 cum
1017 1577 1139 1658 eodem
1156 1580 1295 1676 aequale¹

313 1684 416 1784 'gessit
431 1680 622 1778 imperium.
635 1707 711 1754 nam
726 1681 787 1780 ipfi
801 1681 874 1756 sunt
884 1683 963 1782 ,qui
972 1682 1073 1780 primi
1083 1686 1153 1758 duo
1168 1691 1286 1784 Augu·

320 1791 363 1865 lli
386 1789 544 1887 appellati
567 1790 663 1876 sunt,
682 1792 720 1864 δι
744 1813 893 1888 quorum
925 1789 1013 1866 fallis
1041 1791 1285 1870 Consularibus

321 1901 368 1976 sic
381 1900 520 1974 nomina
534 1899 814 1997 praescribuntur,
828 1919 867 1974 ut
877 1901 1031 1977 dicantur
1042 1929 1114 1978 non
1125 1907 1194 1984 duo
1210 1909 1283 1984 An}

319 2011 454 2102 ronini,
481 2010 536 2084 sed
560 2011 629 2084 duo
652 2011 813 2112 Augusti:
833 2028 1032 2110 tantumque
1051 2012 1152 2106 hujus
1176 2016 1224 2094 rei
1243 2019 1284 2094 dr

320 2122 460 2196 novitas
475 2122 513 2194 δι
529 2119 671 2217 dignitas
687 2121 811 2210 valuit,
826 2141 864 2196 ut
880 2123 954 2196 fasti
969 2124 1175 2200 Consulares
1188 2151 1293 2204 non·v
1381 2141 1382 2144 ’

319 2227 405 2304 nulli
425 2227 468 2300 ab
490 2225 541 2299 his
558 2217 726 2301 sumerent
739 2229 1107 2326 ordinem-Consulum.

368 2343 427 2413 Vl.
443 2339 510 2411 Pro
532 2336 603 2433 ejus
624 2337 810 2433 adoptione
829 2338 994 2419 infinitam
1013 2337 1191 2436 pecuniam
1211 2367 1286 2469 po·

319 2452 403 2554 pulo
421 2453 458 2524 &
472 2448 632 2539 militibus
647 2447 835 2524 Hadrianus
851 2451 953 2526 dedit.
968 2450 1022 2524 sed
1037 2475 1112 2523 curn
1129 2475 1206 2526 eum
1224 2456 1282 2528 vi·

318 2565 431 2648 deret,
447 2560 555 2633 homo
577 2557 680 2675 papio
699 2554 868 2656 argutior,
891 2559 1085 2634 miserrima
1111 2560 1283 2658 valetudi-

319 2672 396 2757 nis',
414 2668 460 2741 ita
481 2687 520 2739 ut
538 2640 667 2739 scutum
693 2667 832 2742 solidius
851 2667 972 2761 janue
993 2693 1067 2742 nun
1084 2669 1211 2766 posset,
1231 2674 1283 2746 di

177 2797 188 2816 ·
318 2778 400 2853 xisse
425 2775 548 2846 fertur:
579 2775 640 2844 Ter
660 2779 773 2846 millies
791 2782 1009 2870 perdidimus,
1030 2785 1113 2873 qnod
1134 2786 1287 2862 exercitui,

315 2893 489 2984 populoque
509 2885 732 2977 dependimus.
728 2880 897 2981 ·fiquidem
907 2888 1022 2980 saris
1009 2917 1044 2972 ιιι
1061 2889 1282 2964 caducum
1217 2921 1282 2984 pa·
1376 2945 1379 2953 ,

319 3006 420 3074 rieeern
439 2999 659 3097 incubuimus,
683 2991 716 3080 dr
742 2999 796 3088 qui
815 3023 882 3069 ιιοιι
909 2998 1011 3089 ipsam
1036 3003 1282 3092 rempublicam,

283 3113 372 3206 sed
384 3135 441 3180 nos
457 3108 765 3209 ipfhsfiussrurare
731 3135 790 3180 eux
798 3105 897 3204 perffit
915 3109 957 3178 Et
973 3109 1042 3181 hoc
1056 3109 1190 3205 quidem
1208 3113 1277 3180 Ha·
1352 3093 1355 3098 ¹
1380 3171 1381 3174 ,

316 3218 454 3292 drianus
481 3241 558 3290 cum
587 3214 746 3310 praesedo
772 3214 832 3290 suo
858 3212 993 3290 locutus
1018 3215 1075 3290 esl.
1097 3243 1172 3314 quae
1199 3241 1277 3289 curn

317 3323 715 3451 prodidissetpresedus,
724 3309 1028 3422 acperhocAElius
1042 3329 1280 3401 Caesarindies
1379 3417 1380 3420 Ἴ

183 3447 187 3475 ³
316 3436 423 3560 magnis
441 3437 611 3537 magisque
631 3437 880 3525 sollicitudine,
899 3457 1018 3546 utpote
1035 3438 1198 3532 desperati
1213 3438 1279 3508 ho.-

315 3546 438 3634 minis,
453 3563 710 3643 aggravaret-ur,
730 3543 889 3639 praefcslo
908 3534 967 3618 suo
990 3543 1180 3616 Hadrianus
1190 3542 1278 3639 ,qui

317 3679 387 3726 rem
402 3654 614 3748 prodiderat,
630 3651 850 3727 successorem
873 3654 980 3726 dedit:
999 3653 1120 3729 volens
1142 3651 1278 3738 videri,

316 3765 413 3858 quod
438 3763 541 3842 verba
566 3762 668 3836 tristia
692 3759 909 3858 temperasset.
935 3759 991 3834 scd
1013 3757 1096 3832 nihil
1122 3755 1275 3874 profuit:
1379 3817 1380 3826 ,
