2856 4824
345 347 414 420 292
490 265 1148 422 nutriturnrott

342 485 401 558 vei
419 477 594 577 pecuniam
617 475 796 573 requirant.
814 481 857 551 Et
869 480 947 576 quia
960 481 1003 555 de
1016 482 1227 577 publicandis
1242 487 1303 562 dis·

343 591 569 692 pofitionibus
593 588 723 662 mentio
745 589 911 686 contigit:
935 591 994 662 ubi
1019 592 1153 689 aliquos
1176 595 1304 668 voluis·

342 705 391 778 set
412 703 470 774 vel
499 701 645 772 reuores
667 697 858 792 provinciis
888 695 992 784 dare,
1019 701 1076 774 vei
1106 703 1304 799 praepoiitos

342 815 470 900 facere,
483 811 539 884 vel
554 828 809 904 procuratores,
820 809 854 882 id
867 810 925 897 est,
940 811 1118 886 rationales
1128 815 1303 905 ordinare,

342 918 483 996 nomina
500 939 618 989 eorum
639 916 871 1012 proponebat,
882 916 1022 990 hortans
1039 921 1226 1014 populum,
1247 941 1301 1016 ut,

341 1027 462 1126 fiquis
485 1023 566 1121 quid
588 1026 921 1114 haberet-criminis,
939 1029 1100 1120 probaret
1124 1028 1303 1103 manifestis

340 1143 466 1223 tebus;
486 1139 511 1210 st
538 1162 609 1209 non
637 1137 826 1233 probasset,
847 1135 972 1210 subiret
993 1161 1132 1230 poenam
1160 1140 1304 1236 capitis:

341 1251 560 1346 dicebatque,
572 1275 664 1345 graue
685 1245 757 1344 effe,
770 1273 838 1320 cum
854 1251 890 1320 id
903 1249 1070 1350 Christiani
1084 1244 1117 1318 Cr
1134 1250 1302 1339 Judaeifa·¹

294 1431 306 1454 κ
342 1385 441 1434 cerem
451 1366 484 1432 in
493 1361 706 1454 praedicandis
715 1359 948 1451 flammatibus,
961 1361 1015 1452 qui
1027 1361 1197 1428 ordinandi
1204 1360 1300 1453 sunt,

341 1499 408 1545 nort
420 1473 492 1564 fieri
506 1475 540 1540 in
553 1474 787 1563 prouinciarum
803 1469 963 1540 rec'loribus
971 1520 984 1556 ,
997 1473 1111 1561 quibus
1126 1465 1302 1559 &fortune

342 1587 503 1654 bominum
528 1577 828 1652 committerentur&
847 1581 964 1672 capita.

390 1695 511 1766 XLVl.
527 1689 745 1762 Affefforibus
754 1690 867 1762 salaria
883 1686 1044 1762 instituit:
1054 1686 1302 1788 quamvitsaepe

341 1803 492 1887 dixerit,
511 1829 561 1871 eos
576 1797 627 1898 effe
646 1807 892 1894 promovendos,
907 1805 960 1894 qui
974 1800 1073 1893 persi
1086 1801 1300 1892 rempublicam
1333 1840 1334 1848 κ

342 1941 436 2010 gerere
440 1911 572 2008 paffent,
584 1939 648 1981 nort
653 1941 710 2006 per
719 1909 871 2009 affeffltres
874 1942 890 1998 ;
904 1910 1042 1998 addenS,
1051 1917 1198 1983 militares
1209 1915 1302 1982 habe·

342 2050 373 2094 re
378 2021 460 2113 suas
469 2022 761 2122 administrationes,
773 2023 879 2090 babere
890 2023 1049 2093 literatos:
1064 2017 1097 2092 6·
1110 2023 1177 2092 ideo
1186 2047 1301 2092 unum·

342 2155 486 2223 quemque
498 2131 556 2199 boc
576 2155 665 2232 ⁸ogere
680 2133 804 2217 debere,
822 2133 906 2222 quod
917 2128 1022 2234 noffet.
1034 2128 1224 2201 Thesauros
1248 2151 1305 2233 tes

339 2257 457 2332 perros
474 2236 535 2322 iis,
552 2240 609 2333 qui
622 2256 836 2333 repererant,
856 2238 1021 2310 donavit:
1042 2237 1121 2312 &fi
1142 2237 1238 2310 multi
1251 2235 1300 2310 es·

338 2345 433 2435 sent,
451 2345 578 2419 addidit
600 2345 651 2420 hit
665 2371 724 2420 eos
735 2399 746 2434 ,
757 2371 846 2444 quos
863 2345 900 2420 in
921 2346 988 2421 suis
1002 2347 1146 2420 habebat
1169 2347 1301 2443 officiis.

339 2453 523 2552 cogitabat
538 2452 673 2543 secum,
696 2455 734 2526 δι
748 2453 1129 2552 descriptum-habebat,
1149 2453 1205 2527 cui
1222 2453 1301 2552 quid

339 2563 557 2660 prestititiet:
579 2565 655 2639 &st
675 2588 762 2659 quos
785 2563 883 2639 sciret
898 2565 955 2638 vel
970 2565 1054 2637 nihil
1076 2565 1227 2662 petiisse,
1245 2565 1301 2638 vel

287 2687 289 2692 ’
341 2703 416 2751 non
438 2676 604 2764 multum,
623 2678 713 2748 unde
726 2677 945 2751 sumtus'suos
958 2695 1140 2775 augerent,
1155 2669 1302 2752 uocabat
1396 2707 1397 2710 ¹

232 2767 243 2792 “
341 2784 749 2879 e0s‚&atc,ebar:om
765 2789 822 2888 est,
842 2789 1175 2882 contrapensat
1189 2791 1302 2860 macru
1394 2877 1395 2888 p

286 2985 288 2990 Ι
341 2901 392 2971 tis
407 2897 479 2987 fieri
495 2882 689 2968 debitorem?
706 2921 795 2990 pete,
815 2925 852 2968 rte
870 2903 1015 2990 priuatus
1039 2903 1074 2968 de
1092 2926 1139 2969 me
1158 2902 1300 2992 queraris.
1394 2889 1395 2930 ³

315 3034 320 3051 ²
342 3007 460 3080 Dabat
479 3023 589 3078 autem
611 3006 684 3080 hac
707 3009 742 3078 in
766 3007 964 3101 beneficiis,
987 3033 1063 3107 qua
1085 3009 1207 3082 famam
1232 3007 1302 3104 ejus
1393 3027 1394 3034 ’

341 3137 414 3184 non
429 3112 606 3184 laederent:
625 3113 715 3185 bona
729 3116 926 3210 punitorum
938 3117 1014 3206 ,sed
1039 3127 1210 3214 nunquam
1226 3141 1300 3190 cunr

243 3245 256 3310 ᾗ
283 3283 285 3286 .
342 3247 427 3298 auro
440 3277 452 3312 ,
465 3237 626 3319 argento,
649 3226 705 3296 vel
726 3228 884 3322 gemmis;
908 3253 981 3300 naor
1000 3229 1036 3302 id
1050 3253 1154 3302 omne
1173 3229 1208 3300 in
1222 3253 1298 3300 aera·
1391 3241 1392 3254 ¹

340 3336 430 3408 riunr
446 3333 633 3432 reponebat
650 3334 771 3406 :dabat
788 3336 1022 3432 praeposituras
1039 3337 1198 3408 locorum
1217 3335 1301 3409 civi·

339 3445 442 3536 lium,
456 3472 527 3520 non
541 3447 699 3522 rnilitum:
714 3447 814 3522 dabat
825 3472 878 3518 eas
894 3447 1216 3538 administrationes,
1228 3473 1301 3545 quae
1388 3455 1390 3528 2'

341 3559 385 3630 'ad
406 3555 665 3652 procurationes
686 3555 904 3650 pertinerent.
925 3556 1121 3629 Rationales
1138 3557 1210 3629 cito
1227 3582 1301 3628 mu·
1386 3589 1388 3683 p

343 3665 455 3756 tabat,
469 3665 514 3738 ita
534 3685 572 3738 ut
588 3689 691 3738 nemo
708 3664 768 3735 nist
785 3689 911 3735 annum
934 3665 1142 3760 complerem
1157 3664 1303 3760 eosque,
1384 3703 1387 3794 p

339 3775 476 3853 fiboni
493 3777 618 3874 effent,
640 3771 782 3866 oderat,
799 3781 917 3850 malum
941 3771 1135 3876 neccffirrium
1163 3797 1303 3854 vocans·

1304 4115 1306 4122 ,
1382 4017 1384 4115 i
