2856 4824
360 337 432 433 ηε.
517 283 1180 410 AEt11tnm131t1otr

407 502 468 574 lll.
493 502 583 574 Cum
612 496 865 572 Marcomannis
892 497 1019 572 bellum
1044 497 1171 572 inferre
1194 499 1326 591 vellet;

357 612 454 708 quod
467 607 660 682 Antoninus
683 607 906 703 pulcherrime
921 606 1180 704 profligaverat,
1197 608 1322 682 diuum

358 721 404 792 esl
427 744 446 792 a
466 716 686 814 quibusdam,
704 740 765 812 per
778 716 959 790 Chaldaeos
980 719 1017 790 δι
1035 739 1151 812 magos
1171 719 1323 792 Antoni·

359 853 439 902 num
459 831 610 912 Marctun
624 827 659 900 id
668 827 787 924 egisse,
800 843 840 900 ut
855 827 1092 900 Marcomanni
1106 828 1238 922 populo
1253 830 1324 898 Ro·

356 960 460 1010 mano
479 935 607 1032 semper
620 936 742 1010 devoti
756 935 967 1032 eslentatque
982 933 1099 1023 amici,
1112 936 1214 1033 idque
1229 938 1322 1012 factis

357 1045 580 1150 carminibus:
593 1049 630 1122 &
647 1045 935 1120 consecrationem
948 1070 1027 1119 curn
1042 1063 1229 1151 quateret,
1244 1071 1320 1144 quae

1284 17 1287 29 ’
1400 9 1420 270 l

355 1155 414 1230 illa
434 1156 539 1246 esset,
556 1157 613 1230 vel
637 1156 695 1230 ubi
719 1156 821 1246 esset,
846 1156 1048 1252 suppreslum
1071 1157 1128 1230 esl.
1148 1157 1322 1231 conslabat
1418 1171 1419 1184 ¹

356 1267 463 1350 enim,
476 1266 572 1339 illum
587 1265 636 1340 ob
647 1267 715 1340 hoc
730 1265 1018 1340 consecrationem
1032 1287 1237 1364 quaerere‚ut
1247 1293 1321 1342 earn

357 1375 525 1471 disliparet
545 1374 602 1470 spe
623 1374 936 1450 belli-concitandi:
951 1377 988 1450 δι
1006 1373 1137 1449 ideirco
1154 1378 1320 1464 maxime,

357 1487 453 1584 quod
469 1485 620 1560 audierat
638 1486 836 1582 responsum
852 1483 968 1574 fuisse,
984 1485 1026 1558 ab
1044 1485 1224 1558 Antonino
1246 1486 1319 1559 bel·
1415 1476 1419 1532 ἕ

356 1595 427 1667 lum
449 1595 764 1669 Marcomannicum
782 1593 993 1679 finiendum
1008 1619 1087 1666 cum
1107 1591 1164 1667 hic
1175 1595 1318 1686 Varius,

355 1711 393 1783 δι
418 1706 727 1806 Heliogabalus‚&
748 1697 925 1779 ludibrium
941 1705 1114 1802 publicum
1132 1706 1316 1794 diceretur;

355 1839 484 1887 nornen
508 1832 619 1886 autern
646 1812 817 1886 Antonini
837 1813 1027 1911 pollueret,
1048 1812 1085 1885 in
1104 1815 1198 1913 quod
1220 1813 1318 1888 inva-

357 1920 453 1995 serat.
473 1922 682 1994 Prodebarur
702 1941 814 1994 autern
835 1943 896 2015 per
916 1944 976 1995 eos
994 1921 1234 2018 maxime,qui
1258 1924 1319 1996 do·

357 2029 490 2120 lebant,
508 2030 568 2103 srbi
595 2028 751 2102 homines
768 2029 810 2102 ad
833 2030 1036 2103 exercendas
1058 2029 1213 2104 libidines
1233 2029 1318 2104 bene

356 2140 493 2213 vasatos
514 2141 552 2214 dt
571 2137 707 2232 majoris
730 2138 852 2234 peculii
875 2139 1020 2235 opponi.
1035 2139 1136 2212 Unde
1154 2140 1255 2213 etiarn
1278 2142 1318 2216 de

214 2269 220 2290 ·
356 2271 440 2321 nece
458 2247 529 2342 ejus
551 2247 693 2343 cogitari
715 2246 830 2342 coepit.
853 2251 894 2318 Et
913 2248 987 2322 haec
1005 2249 1142 2345 quidem
1164 2249 1271 2324 domi.

404 2359 449 2430 X.
472 2358 536 2449 Sed
556 2356 678 2430 milites
690 2355 842 2451 ,pellem
863 2355 954 2428 illam
980 2356 1087 2429 velari
1104 2356 1318 2452 Imperatoris
1417 2413 1418 2416 ,

356 2466 515 2556 nomine,
535 2463 603 2561 pati
621 2463 871 2561 nequiverunt,
885 2489 925 2536 ac
949 2463 1094 2559 primum
1119 2465 1207 2537 inter
1230 2466 1319 2557 sese,

307 2618 313 2640 ι
355 2576 475 2649 deinde
488 2599 548 2669 per
562 2597 710 2648 coronas
724 2571 832 2667 jecere
845 2573 1031 2659 sermones,
1042 2573 1077 2650 in
1090 2573 1318 2649 Alexandrum

355 2708 476 2790 omnes
488 2684 712 2768 inclinantes,
729 2683 789 2780 qui
807 2682 870 2773 iarn
884 2682 994 2758 Cesar
1013 2701 1114 2756 erata
1131 2683 1254 2757 Senatu
1270 2687 1319 2758 di·
1344 2751 1347 2756 .
1417 2743 1418 2746 ,

358 2789 430 2864 ctus
444 2816 488 2866 eo
501 2810 675 2886 tempore,
686 2816 758 2888 quo
769 2792 961 2881 Macrinus,
975 2789 1201 2868 consobrinus
1217 2792 1317 2890 hujus
1417 2803 1418 2808 ’

354 2900 546 2989 Antonini;
568 2924 643 2972 nam
661 2899 762 2972 Vatia
783 2925 849 2974 una
868 2901 920 2974 ltis
939 2914 1009 2974 erat
1024 2901 1121 2976 avia:
1139 2903 1230 2975 unde
1245 2905 1317 2976 He-

355 3008 540 3103 liogabalus
554 3009 676 3082 Varius
688 3009 869 3083 dicebatur.
890 3011 1029 3104 Zoticus
1049 3010 1108 3082 sub
1126 3035 1170 3082 eo
1184 3031 1316 3085 tantum
1416 3079 1417 3108 ᾖ

347 3107 487 3205 maluit,
512 3141 551 3190 ut
573 3119 616 3191 ab
638 3118 796 3192 omnibus
817 3117 1010 3192 officiorum
1039 3118 1249 3214 principibus
1270 3118 1316 3194 src

353 3228 549 3318 haberetur,
560 3229 651 3328 quasi
661 3223 796 3304 ¹domini
812 3229 946 3302 maritus
959 3229 1048 3304 eslet.
1059 3233 1138 3304 Erat
1154 3249 1317 3327 praeterea

290 3415 295 3426 x
351 3337 442 3410 idem
464 3336 625 3424 Zoticus,
648 3339 707 3435 qui
728 3341 796 3412 hoc
815 3337 1049 3412 familiaritatis
1069 3339 1209 3412 nomine
1232 3339 1317 3412 abu·

352 3465 445 3536 tens,
463 3446 579 3520 omnia
593 3447 806 3544 Heliogabali
819 3447 905 3518 dista
923 3449 962 3522 δι
977 3447 1060 3522 falla
1080 3448 1244 3522 venderet
1259 3445 1277 3518 s
1297 3485 1315 3502 ·

354 3557 418 3630 mis
427 3583 441 3645 ‚¹
458 3581 556 3650 quant
578 3557 723 3630 maxime
738 3556 872 3630 divitias
888 3579 1043 3632 enormes
1060 3554 1221 3652 'sperans3
1236 3581 1314 3630 cum
1414 3613 1415 3634 r

354 3663 426 3736 aliis
444 3664 649 3754 minaretur,
668 3664 741 3738 aliis
761 3662 998 3760 polliceretur,
1018 3690 1139 3738 omnes
1158 3663 1312 3753 fallerer,

354 3771 588 3871 egrediensque
606 3773 649 3852 ab
668 3772 729 3862 illo
749 3770 894 3872 singulos
914 3773 1039 3867 adiret,
1058 3767 1196 3866 dicens,
1211 3775 1269 3844 Dr
1285 3796 1312 3844 rr
