2884 4828
222 329 223 334 ‘
318 289 950 408 nvruruscnssrus.t
1040 353 1114 431 91*

125 490 195 581 cis,
211 491 246 565 in
259 491 381 590 quibus
396 507 648 590 peccaverant,
661 493 702 566 -in
715 518 852 568 crucem
867 491 1003 585 sustulit.
1016 495 1091 566 Pri-

8 663 10 682 ,
106 627 201 684 ,mus
227 601 328 674 etiam
351 602 386 674 id
407 600 563 698 supplicii
581 627 686 700 genus
713 603 867 688 invenit,
888 621 925 676 ut
946 598 1105 700 stipitem'

89 713 287 810 ,grandem
310 723 451 807 poneret
474 711 594 808 pedum
620 712 796 811 osioginta
818 715 858 788 δι
881 730 1037 803 centum,
1055 716 1093 786 id
1165 786 1168 792 ,

8 811 9 872 ἶ
127 820 194 906 esi,
215 821 407 910 materiam,
427 823 465 903 δι
491 845 511 896 a
540 820 672 895 summo
702 821 806 920 usque
824 823 877 898 ed
897 821 1011 896 imum
1031 824 1093 896 da·
1117 834 1119 845 ¹

8 935 9 992 ξ
126 947 262 1002 mnatos
276 930 462 1028 ligerem&
479 928 521 1001 ab
541 927 613 1002 imo
629 930 746 1004 focum
760 952 966 1028 apponeret,
976 931 1093 1006 inccn-

9 1091 10 1094 ,
127 1037 234 1134 srsque
248 1037 343 1127 aliis,
356 1037 442 1112 ulios
459 1037 542 1110 sumi
557 1034 730 1130 cruciatu,
745 1041 869 1114 timore
886 1041 986 1114 etiam
1008 1039 1094 1113 alios

101 1217 105 1225 ,
128 1165 273 1220 necaret
287 1147 377 1218 Idem
394 1146 501 1218 denos
518 1164 692 1250 catenatos
707 1147 743 1219 in
761 1132 994 1244 profluentem
1003 1173 1095 1222 mer·

92 1337 98 1356 l
127 1277 160 1350 gr
151 1252 329 1346 jubebat,
351 1253 440 1326 vel
431 1279 467 1324 ιιι
488 1275 592 1326 mare.
606 1237 704 1326 Idem
728 1257 841 1328 multis
868 1257 1096 1330 desertoribus

8 1387 18 1423 ι
87 1357 93 1372 ’
128 1369 250 1434 manus
268 1356 415 1447 excidit,
436 1357 509 1430 aliis
525 1383 623 1432 crura
649 1360 829 1435 incidisse
849 1362 1018 1474 poplites,
1041 1363 1095 1434 di·

129 1494 232 1558 cetne,
251 1469 356 1556 majus
373 1475 547 1561 exemplum
568 1467 620 1569 effe
643 1475 778 1544 viventis
796 1465 1013 1566 miserabiliter
1032 1475 1096 1544 cri·

131 1579 265 1678 minost,
277 1607 373 1674 qnam
388 1579 489 1678 occist.
505 1581 592 1652 Cum
614 1582 800 1654 enercitum
816 1584 953 1655 duceret
966 1634 978 1668 ,
993 1585 1030 1656 δι
1046 1581 1098 1653 in·

133 1689 205 1762 scio
223 1685 298 1783 ipso
320 1711 440 1760 manus
460 1687 652 1780 auxiliaria,
673 1689 930 1766 centurionibus
953 1683 1017 1763 suis
1034 1714 1098 1763 au·

131 1795 303 1883 boribus,
312 1814 382 1870 trra
393 1795 496 1868 mrilrn
507 1798 730 1872 Sarmatarum
741 1799 986 1898 negligentius
997 1823 1099 1900 agen
1203 1801 1205 1808 ’

96 1949 104 1960 »
132 1907 217 1982 tium
238 1906 274 1979 in
294 1895 492 1980 Danubii
466 1907 569 2002 ripis,
591 1877 806 1998 occidissent,
826 1913 866 1986 &
886 1923 965 1985 cum
990 1910 1100 2006 praeda
1151 1953 1152 1956 =

132 2018 260 2114 ingenti
251 2017 317 2090 'ad
332 2041 408 2090 eum
427 2015 604 2106 redissent3
616 2019 833 2115 sperantibus
843 2021 1100 2095 centurionibus
1211 2083 1213 2090 .

132 2125 331 2222 praemium,
354 2125 449 2222 quod
471 2146 636 2221 perparva
656 2148 760 2198 manu
781 2143 911 2200 tantum
933 2125 1115 2220 nonium,

107 2283 111 2290 -
132 2237 264 2334 segnius
287 2235 463 2333 agentibus
489 2233 694 2310 tribunis&
726 2233 984 2332 ignorantibus,
1006 2233 1101 2306 occi·

132 2343 270 2417 dissent:
285 2341 356 2438 rapi
371 2365 432 2416 eos
445 2339 545 2436 jnffir,
558 2337 618 2414 bc
610 2365 645 2413 ιιι
658 2365 793 2415 crucem
803 2340 901 2425 rolir,
919 2333 1102 2433 servilique

133 2452 304 2550 supplicio
325 2451 542 2548 effici,quod
562 2451 755 2547 exemplum
774 2474 847 2523 ιιοιι
865 2449 1033 2536 exstabat,
1052 2449 1104 2520 di·
1186 2483 1194 2525 ι,

133 2589 235 2651 cene,
253 2565 366 2636 evenire
380 2561 529 2660 poruiffr,
549 2561 684 2660 urcfferrr
696 2564 841 2662 infidia,
861 2590 899 2634 ac
909 2563 1017 2655 periret
1030 2563 1103 2631 Ro·

136 2680 229 2748 marri
258 2677 377 2767 imperii
402 2679 577 2746 reverentia.
604 2677 642 2747 δι
668 2699 745 2746 cum
772 2673 892 2772 ingens
920 2671 1042 2746 seditio
1066 2671 1104 2744 in

133 2782 290 2859 exercitu
317 2797 436 2856 ertortn
461 2781 558 2869 esset,
581 2783 739 2879 processit
767 2784 901 2873 nudus,
927 2781 1106 2878 campestri
1135 2805 1140 2816 ·

133 2893 211 2967 solo
230 2892 357 2981 renus,
374 2893 435 2979 δι,
450 2894 623 2982 Percurire,
636 2891 766 2989 inquit,
779 2921 847 2982 mr,
864 2893 896 2988 fi
912 2897 1052 2978 andoin,
1072 2887 1106 2963 6·

137 3029 286 3099 conopeo
312 3005 485 3098 disciplinis
498 3003 633 3094 farinrn
653 3004 771 3074 addire.
797 2997 926 3090 Tunc,
943 2997 1108 3098 conquie

99 3187 100 3194 ,
131 3112 306 3188 scentibus
325 3111 474 3201 cuniiis,
495 3111 616 3184 meruit
635 3108 764 3199 timeri,
787 3108 867 3208 quia
888 3133 961 3181 non
982 3107 1117 3181 timuit

136 3225 230 3317 Quae
248 3245 301 3294 res
320 3239 450 3294 tantum
476 3218 663 3316 disciplina
682 3215 856 3291 Romanis
865 3214 1015 3304 addidit,
1031 3232 1109 3286 tan·
1149 3303 1152 3310 Ι

136 3352 211 3408 tum
233 3331 375 3406 terroris
400 3329 587 3406 Barbaris
578 3325 714 3423 injecit,
740 3345 778 3400 ut
800 3349 916 3422 pacem
940 3345 1108 3417 annorum

136 3459 277 3517 centurn
291 3441 333 3513 ab
347 3439 530 3514 Antonino
544 3437 680 3512 absente
697 3453 870 3534 peterent:
881 3413 1092 3529 siquidem·
1055 3455 1109 3502 vr·

135 3546 281 3635 derant,
297 3549 471 3630 d'amrrrtos
485 3547 633 3622 Romani
654 3547 750 3622 ducis
760 3542 892 3642 judicio
909 3539 1010 3614 etiem
1022 3561 1084 3613 eos
1096 3589 1110 3630 ,
1139 3619 1140 3629 ¹

136 3658 198 3759 qui
214 3677 334 3760 contra
348 3656 397 3731 sas
411 3655 575 3730 vicerant.
660 3715 662 3720 .
1119 3640 1150 3656 ”

189 3773 236 3846 V
253 3771 311 3844 De
332 3768 416 3844 hoc
424 3765 532 3844 multa
551 3763 670 3878 grania
690 3777 813 3840 contro
835 3744 981 3834 militum
1002 3753 1109 3836 licen·
