2856 4824
311 355 592 478 aurouruus
616 341 977 485 uetiocsmtus.
1056 376 1130 456 24⁷1

106 611 109 616 Α
168 519 325 591 Mortem
340 515 473 589 nivium
487 515 523 587 in
535 514 697 590 viridas-io
709 515 832 590 domus
846 514 954 617 aellate
964 513 1056 605 fecit,
1071 517 1130 590 ad·

165 623 505 703 vedis'uivibssodd
527 623 755 721 marepiscem
772 648 944 722 uunquam
963 625 1133 699 comedite

168 729 204 802 in
227 729 422 828 longissimis
450 731 576 805 amari
600 732 686 805 locis
708 731 824 805 omnia
845 731 973 804 marina
1000 734 1133 827 semper

157 839 339 914 exhibuit:
355 867 580 916 mutaeuarum
598 843 736 918 ratribus
753 846 791 918 δι
809 844 969 942 luporum
988 842 1023 918 in
1041 841 1129 918 locis

68 953 95 982 ³
167 952 418 1027 mediterraneis
433 954 577 1029 rusticos
592 955 698 1051 pavit.
742 983 764 999 ³·
791 993 795 1004 =

216 1063 354 1152 XXIV„¹
366 1066 474 1140 Pisces
493 1066 621 1161 semper
643 1065 732 1165 quali
747 1066 783 1142 in
802 1066 929 1142 marina
951 1091 1034 1164 aqua
1052 1091 1132 1142 cum

166 1173 286 1249 colore
309 1173 373 1246 suo
396 1174 513 1246 coslos
531 1173 706 1247 conditura
728 1191 848 1246 veneta
870 1173 1035 1250 comedit:
1051 1197 1135 1246 moa

166 1281 345 1354 messarias
364 1280 405 1352 de
426 1278 562 1368 rosato,
576 1281 613 1354 dc
631 1279 713 1352 tofis
733 1279 874 1375 piscinas
893 1280 1067 1352 exhibuit:
1090 1281 1130 1402 qe
1159 1309 1161 1314 ¹

166 1390 254 1463 bibit
276 1411 352 1466 cum
380 1387 543 1462 omuibus
568 1387 657 1477 suis,
678 1387 821 1462 caldaria
847 1389 889 1461 de
912 1389 1014 1461 narda
1035 1387 1131 1464 eulu-¹

166 1500 262 1576 benai
288 1501 380 1574 Idem
402 1496 438 1572 in
467 1497 613 1574 lucernis
638 1497 819 1574 balsamum
846 1497 1009 1574 exhibuit.
1038 1499 1134 1570 Idem

166 1609 329 1682 mulieres
351 1631 523 1706 utanuam
552 1607 707 1698 iteravit,
732 1627 853 1704 praeter
879 1607 1035 1682 uxorem.
1062 1609 1132 1684 liu-2

166 1717 302 1814 panaria
321 1717 415 1792 domi
430 1712 568 1807 amicis,
586 1717 767 1792 clientibus
786 1719 824 1792 δι
848 1717 951 1793 servis
966 1715 1132 1792 exhibitu

165 1827 257 1900 Idem
276 1849 450 1924 nunquam
470 1828 583 1902 minus
601 1845 736 1915 eentum
755 1823 938 1901 sestertium
958 1825 1148 1916 coenavit,v

164 1933 233 2007 hoc
247 1935 292 2008 cll
306 1935 433 2034 argenti
453 1934 546 2006 libris
561 1935 708 2032 triginta.
726 1933 921 2031 Aliquando
942 1953 1049 2006 autem
1065 1931 1130 2004 tri·

166 2041 229 2115 bus
245 2042 392 2116 millibus
406 2041 588 2137 sestertium
607 2041 782 2127 coenavit,
797 2041 956 2124 omnibus
971 2040 1129 2134 supputa-

107 2209 112 2223 ,
166 2151 209 2223 tis
220 2176 316 2247 ,quae
337 2151 512 2246 impendit.
531 2152 660 2222 Coenas
680 2173 766 2221 vero
789 2152 826 2222 dc
843 2148 972 2247 vitellii
989 2151 1025 2222 δι
1041 2148 1130 2244 Api·
1147 2137 1154 2231 ‚⁴

167 2258 212 2333 cii
235 2259 328 2333 vicit.
345 2259 454 2332 Pisces
482 2281 524 2330 ex
542 2256 685 2332 vivariis
711 2255 776 2328 suis
797 2253 908 2330 balbus
929 2255 1048 2328 traxit:
1069 2277 1130 2356 per

165 2368 344 2442 macellum
367 2361 526 2440 transiens
554 2365 802 2440 mendicitatem
831 2363 997 2462 publicam
1019 2362 1132 2437 flevit.
1195 2421 1200 2428 .
1271 2403 1273 2410 ·

105 2513 111 2526 ·
131 2527 132 2530 =
165 2464 327 2550 Parasitds
345 2477 386 2551 ad
400 2496 507 2550 rotam
526 2475 697 2574 aquariam
713 2475 833 2571 ligabat
845 2528 855 2562 ,
869 2477 906 2548 δι
922 2499 999 2547 cum
1020 2471 1130 2546 versia

165 2587 243 2682 gine
256 2581 327 2658 ⁴sub
340 2585 627 2684 aquas'mittebat,
642 2582 816 2680 rursusque
833 2571 868 2655 in
892 2583 1053 2655 summum
1074 2599 1127 2654 te·

116 2733 119 2738 ·
166 2692 497 2788 volvebam-eosque
519 2697 667 2764 Ixionios
687 2697 806 2764 amicos
829 2691 981 2766 vocavit.
1001 2688 1127 2769 Stravit

165 2801 308 2877 &saxis
330 2802 594 2877 Laccdamoniis
612 2827 651 2876 ac
672 2800 927 2901 Porphyreticis
946 2801 1070 2899 plateas
1089 2800 1127 2872 iu

129 2975 131 2978 ,
157 2913 318 3006 ΔΡειῑειῑίο,
339 2937 422 3012 quas
445 2917 698 2987 Antoninianas?
711 2911 874 2986 vocavit:
888 2935 963 3008 quae
983 2910 1057 2984 saxa
1074 2907 1130 2982 us·'
1207 2913 1212 2921 '
1255 2921 1260 2936 ·

164 3041 230 3116 que
250 3017 292 3090 ad
317 3011 688 3092 nostram-memoriam
715 3017 922 3100 manserunt,
938 3016 993 3090 sed
1019 3037 1129 3114 nuper
1229 3079 1231 3082 .

164 3137 259 3218 eruta
286 3130 324 3201 δι
349 3128 476 3204 exseela
500 3127 587 3202 sunt.
610 3127 838 3202 Constituerat
863 3131 901 3202 &
929 3127 1127 3202 columnam

165 3263 267 3312 unam
297 3238 376 3313 dare
405 3239 599 3338 ingentem,
625 3238 667 3312 ad
692 3261 791 3335 quam
815 3236 1048 3314 ascenderetur
1070 3233 1129 3304 ἱη-1
1187 3220 1191 3236 '

165 3347 346 3440 trinsecus,
371 3349 417 3424 ita
443 3363 488 3422 ut
508 3349 544 3422 in
572 3339 704 3423 summo
728 3347 983 3448 Heliogabalum
1010 3346 1126 3418 Deum

166 3455 374 3531 collocaret:
392 3455 447 3530 sed
469 3450 609 3531 tautum
624 3455 738 3529 saxum
767 3481 839 3532 nou
862 3451 1020 3542 invenit,
1045 3473 1126 3526 cum

165 3562 201 3636 id
215 3565 255 3636 de
267 3565 439 3638 Thebaide
452 3565 569 3640 afferre
583 3565 760 3664 cogitaret.

210 3675 334 3750 XXV.
352 3676 473 3750 Ebrios
494 3677 622 3754 amicos
645 3678 843 3775 plerumque
869 3673 1066 3762 claudebat,
1087 3673 1127 3748 δι
1161 3679 1166 3686 ’

168 3778 280 3859 subito
299 3783 399 3859 nesle
416 3783 558 3891 leones,
575 3787 618 3864 bc
637 3784 833 3885 leopardos,
855 3785 894 3858 δι
914 3782 1008 3860 ursos
1027 3805 1127 3864 exam

828 3896 1120 4020 Qu„
