2932 4824
222 306 228 317 ’
317 303 925 434 severiusrurannron.
1029 353 1108 460 '147
1192 331 1195 338 “

62 593 64 596 ,
147 519 309 610 armatis,
333 520 539 610 salutarunt,
559 519 702 609 excussi,
726 545 769 594 ne
794 521 876 620 quid
899 520 979 595 ferti
1006 525 1112 630 habef·
1216 567 1221 578 ,

148 650 235 708 rent.
254 633 297 704 Et
308 629 439 732 postera
457 628 511 701 die
529 649 729 702 occurrente
744 632 840 703 omni
862 630 1031 707 famulitio
1048 661 1112 710 au·

148 746 238 834 lico,
253 744 472 841 septuagenos
483 741 635 828 ,vicenos
649 768 770 818 aureos
787 745 907 843 legatis*
921 747 1024 821 dedit.
1038 747 1112 824 eos·

140 853 225 928 ‚dem
246 849 402 949 praemisrt
414 905 426 942 ,
440 851 522 925 sabla
538 849 723 946 potestate,
742 851 766 923 sr
780 853 839 948 qui
855 853 983 929 vellent
1002 879 1129 932 rema·-

1221 683 1242 726 ὴ
1294 703 1298 716 .

149 987 255 1049 nere,
273 959 311 1037 ac
331 961 441 1037 secum
462 963 608 1034 Romam
631 961 749 1036 redite.
772 964 864 1037 Fecit
885 965 986 1040 etiam
1004 967 1114 1046 statim
1179 965 1183 988 ³
1223 1053 1227 1060 .

23 1125 25 1129 -
148 1072 344 1147 Praefectum
379 1071 544 1166 praetorio
578 1070 731 1145 Flavium
759 1070 979 1167 iuvenalem,
1010 1103 1113 1174 quem

150 1185 250 1257 etiam
274 1181 424 1257 Julianus
442 1181 579 1253 tertium
599 1179 794 1253 Praeseilum
816 1185 966 1278 praetorii
980 1187 1042 1261 srbi
1063 1191 1119 1284 as·

151 1294 323 1370 sumserat.
334 1280 474 1364 ⁸Interim
494 1294 615 1363 Romae
635 1292 752 1388 ingens
766 1294 946 1388 trepidatio
967 1299 1114 1376 rnilitum

149 1401 477 1502 civiumque,quod
498 1421 643 1474 armatus
666 1422 784 1477 contra
801 1428 860 1478 eos
884 1407 1029 1482 Severus
1053 1435 1115 1486 ve-
1144 1445 1145 1448 ¹

150 1516 262 1603 niret,
276 1511 333 1610 qui
354 1513 387 1584 se
404 1511 533 1584 hostem
553 1510 759 1602 judicassent.
780 1515 840 1588 His
854 1517 1006 1611 acceffit,
1021 1521 1118 1616 quod

152 1624 334 1720 comperit,
345 1621 562 1694 Pescennium
578 1623 719 1719 Nigrum
734 1649 752 1696 a
765 1625 914 1722 Syriacis
924 1627 1117 1724 legionibus
1172 1683 1178 1706 r

152 1723 394 1826 Imperatorem
417 1727 632 1824 appellatum.
653 1727 749 1822 cujus
766 1731 872 1804 edida
893 1735 1054 1808 &vliteras
1075 1737 1118 1810 ad

153 1839 322 1938 populum
339 1840 395 1913 vel
410 1840 566 1912 Senatum
588 1839 768 1938 intercepit
789 1867 849 1939 per
865 1868 942 1934 eos,
958 1847 1016 1944 qui
1030 1847 1116 1922 milli

156 1950 307 2036 fuerant3
318 1973 360 2024 ne
371 1949 426 2024 vel
441 1971 718 2046 proponerentur
731 1954 882 2048 populo,
897 1957 953 2028 vel
969 1957 1118 2056 legeren-

155 2061 261 2136 turin
280 2062 383 2134 curia.
399 2059 528 2133 Eodem
549 2079 703 2157 ternpore
725 2061 825 2134 etiam
848 2064 889 2135 de
913 2067 1040 2140 Clodio
1059 2071 1121 2144 Al·

155 2170 243 2246 bino
270 2169 329 2242 srbi
353 2168 582 2242 substituendo
604 2169 787 2266 cogitavit,
811 2170 867 2244 cui
891 2174 1117 2255 Caesarianum

156 2283 329 2356 decretum
351 2299 407 2352 aut
423 2278 711 2353 Commodianum
734 2278 911 2352 videbatur
927 2280 1121 2377 imperium.
1167 2338 1174 2359 2

157 2392 223 2466 Sed
244 2416 303 2465 eos
320 2389 410 2485 ipsos
433 2390 689 2486 pertimescens,
712 2389 753 2460 de
773 2389 896 2496 quibus
921 2393 1008 2464 recle
1031 2392 1119 2486 judi.

151 2504 275 2592 cahat,
289 2499 493 2575 Heraclitum
515 2502 556 2573 ad
575 2499 775 2572 obtinendas
794 2496 1000 2592 Brilannias,
1016 2505 1120 2579 Plau·

157 2614 288 2688 tionum
317 2611 359 2683 ad
389 2613 606 2708 occupandos
631 2611 727 2708 Nigri
752 2611 878 2684 liberos
904 2613 999 2690 misit.
1029 2619 1119 2695 Cum
1230 2699 1234 2707 x

157 2729 306 2798 Romam
325 2725 467 2796 Severus
488 2721 645 2811 venisset,
662 2721 887 2814 prbtorisuos
905 2747 983 2796 cum
1005 2726 1121 2803 subar-

158 2830 301 2904 malibus
325 2830 467 2902 inermes
486 2829 545 2901 fibi
571 2827 660 2924 jussit
690 2853 894 2902 occurrere:
912 2830 1046 2905 eosdem
1072 2836 1119 2912 fic

160 2941 201 3013 cd
216 2937 361 3012 tribunal
384 2940 551 3028 vocavit,
568 2938 703 3012 armatis
725 2937 878 3034 undique
895 2941 1121 3023 circumdatis
1224 3029 1226 3036 ¹

211 3051 284 3121 Vll.
304 3049 465 3154 Ingressus
484 3050 603 3122 deinde
622 3051 789 3132 Romam,
807 3065 951 3122 armatus
967 3075 1043 3122 cum
1066 3079 1122 3126 ar·

162 3157 261 3233 metis
280 3155 440 3234 militibus
463 3157 673 3254 Capitolium
688 3153 844 3228 ascendit.
870 3156 947 3228 inde
968 3157 1004 3228 in
1027 3161 1123 3232 Pala·

143 3265 248 3339 .tium
269 3266 388 3338 eodem
405 3261 519 3336 habitu
542 3265 709 3361 perrexit,
732 3261 875 3359 praelatis
895 3265 1017 3360 signis,
1046 3291 1122 3361 quae

165 3374 376 3474 praetorianis
400 3376 590 3464 ademerat,
611 3374 755 3472 supinis,
777 3398 849 3444 non
877 3374 1004 3444 eredis.
1033 3377 1124 3448 Tota

164 3485 285 3558 deinde
307 3486 400 3558 Urbe
422 3484 543 3558 milites
566 3487 599 3556 in
622 3484 755 3579 templis
765 3483 822 3570 ,in
845 3482 1057 3577 porticibus,
1085 3484 1122 3557 in

165 3595 293 3668 adibus
313 3593 469 3665 Palatinis
479 3593 598 3690 ,quast
613 3595 648 3664 in
665 3591 799 3664 stabulis
813 3587 1023 3660 manserunt:
1038 3587 1124 3664 suit·-¹

166 3732 232 3804 que
253 3705 410 3804 ingressus
427 3705 545 3778 Severi
565 3704 703 3777 odiosus
725 3723 824 3798 arque
844 3697 1025 3779 terribilis,
1047 3723 1125 3774 cum

167 3814 292 3888 milites
314 3814 439 3888 inemta
464 3813 673 3912 diriperent,
698 3811 920 3890 vastationem
950 3804 1036 3882 Urbi
1060 3808 1127 3902 mi2

187 3949 191 3959 ·
531 3929 533 3934 ’
824 3917 860 3988 K
886 3939 911 3997 a
