2884 4828
551 143 557 187 l

372 331 421 419 64
525 324 725 400 lutet
762 323 1143 440 capitolini

368 511 445 562 cam
467 486 599 575 tenuit,
625 487 735 562 multo
752 486 873 558 melior
895 489 933 562 ὅ(
953 485 1098 564 feracior
1113 488 1155 562 ad
1176 486 1338 580 virtutes,

370 595 498 694 quippe
515 597 574 695 qui
591 597 691 668 nullis
708 596 788 668 Veri
807 594 872 688 jam
892 597 1184 692 impedireturaut
1202 600 1338 674 simula-

370 707 413 780 tis
432 707 561 783 callidae
588 706 774 779 severitatis
798 705 897 804 (quo
915 705 972 780 ille
997 707 1154 806 ingenito
1176 711 1265 786 vitio
1289 712 1337 784 la-

371 819 539 917 borabat)
557 818 748 908 erroribus,
764 838 822 892 aut
846 819 920 908 his,
935 821 1057 916 quibus
1077 826 1250 919 praecipue
1271 825 1338 896 dil-

296 930 304 958 *
368 933 517 1031 plicebat
535 933 655 1004 Marco
679 929 862 1002 Antonino
876 929 943 1026 jam
963 931 1074 1006 iudea
1095 936 1207 1030 primo
1232 931 1339 1008 aetatis

370 1043 437 1115 suae
454 1060 630 1134 tempore,
644 1038 702 1112 vel
725 1039 883 1114 institutis
901 1041 1022 1113 mentis
1042 1067 1176 1137 praue,
1193 1043 1249 1118 vel
1266 1071 1343 1118 mo·

370 1149 473 1226 ribus.
496 1153 575 1222 Erat
596 1149 686 1223 enim
701 1149 769 1246 ipse
788 1169 891 1222 tantae
911 1152 1184 1247 tranquillitatis,
1199 1175 1237 1226 ut
1263 1155 1343 1227 vul·

369 1280 443 1335 tum
464 1285 637 1362 nunquam
652 1259 835 1332 mutaverit
856 1285 1010 1334 moerore
1030 1262 1087 1334 vel
1106 1265 1250 1360 gaudio:
1266 1265 1341 1358 phi·

371 1369 537 1467 losophiae
560 1369 692 1443 deditus
722 1368 876 1459 Stoicae,
902 1393 1004 1468 quarn
1033 1373 1070 1444 δι
1099 1377 1159 1466 per
1189 1373 1341 1466 optimos

314 1567 317 1576 Ι
372 1479 524 1576 quosque
545 1475 720 1573 magistros
739 1497 936 1572 acceperat,
956 1480 994 1552 δι
1016 1481 1166 1575 undique
1179 1480 1250 1574 iple
1266 1485 1341 1552 col·

372 1590 508 1686 legerat.
525 1589 566 1658 Et
584 1585 795 1672 Hadrianus,
811 1604 852 1657 ut
871 1586 994 1658 dictum
1011 1587 1073 1668 est,
1092 1587 1182 1660 ltunc
1195 1593 1340 1661 eundem

373 1696 593 1770 succefforem
619 1712 797 1789 paraverat
811 1723 827 1780 ,·
840 1689 900 1762 nist
923 1690 955 1762 ei
974 1709 1054 1763 atas
1074 1693 1211 1786 puerilis
1234 1695 1340 1766 obsti-

284 1794 286 1799 *
372 1808 469 1882 tillet.
491 1807 587 1907 quod
606 1806 742 1904 quidem
764 1821 903 1900 apparet
919 1827 961 1876 ex
982 1828 1048 1890 eo,
1068 1805 1162 1902 quod
1181 1827 1341 1902 generum

373 1917 436 1989 Pio
464 1918 560 1990 huuc
583 1915 728 1989 eundern
758 1913 909 2011 delegit,
940 1932 976 1985 ut
1006 1915 1048 1986 ad
1078 1939 1180 2004 eum,
1201 1916 1341 2013 dignum

319 2035 329 2056 ⁰
373 2042 494 2121 utpote
520 2025 634 2100 virum
647 2079 661 2115 ,
688 2024 896 2122 quandoque
922 2025 1118 2097 Romanum
1147 2025 1342 2120 perveniret

376 2137 567 2232 imperium.
868 2125 869 2130 ¹
940 2203 943 2210 ,

422 2248 535 2320 XVll.
556 2248 648 2344 Ergo
670 2242 868 2342 provincias
886 2244 963 2341 poll
977 2244 1051 2319 haec
1070 2242 1202 2344 ingenti
1226 2245 1343 2318 mode·

374 2355 508 2430 ratione
524 2381 566 2430 ac
586 2354 792 2454 benignitate
808 2353 973 2428 tradavit.
993 2357 1126 2427 Contra
1149 2359 1342 2427 Germanos

374 2492 428 2539 res
447 2463 591 2539 feliciter
620 2464 722 2560 gessit.
749 2462 933 2559 specialiter
958 2461 1027 2556 ipse
1048 2461 1173 2534 bellum
1202 2467 1342 2537 Mar‘co·
1390 2481 1393 2488 '

374 2575 594 2658 mannicum,
617 2574 673 2646 sed
699 2593 860 2671 quantum
884 2573 975 2645 nulla
1002 2597 1151 2670 unquam
1172 2573 1337 2645 memoria

286 2777 287 2786 ἵ
375 2681 458 2774 fuit,
471 2685 710 2772 tum'virtute,
725 2703 795 2760 tum
814 2684 913 2758 etiam
929 2683 1086 2757 felicitate
1105 2683 1287 2782 transegit3
1305 2686 1341 2755 δι

375 2815 420 2872 eo
444 2784 581 2891 quidem
601 2813 782 2889 tempore,
806 2819 879 2893 quo
899 2789 1082 2890 pestilentia
1103 2794 1215 2892 gravis
1238 2795 1340 2866 multa

376 2902 537 2976 millia&
559 2901 826 2998 popularium&
845 2903 990 2976 militurn
1018 2906 1242 3000 interemerat.
1260 2901 1341 2977 Pan·

349 3071 351 3078 ,
376 3011 498 3085 nonies
513 3013 657 3110 ergo,&
671 3013 944 3104 Marcomannis,
958 3013 1134 3102 Sarmatis,
1148 3001 1340 3100 Wandalis,
1422 3001 1423 3011 ἵ

376 3123 472 3194 simul
485 3122 584 3194 etiam
600 3123 730 3214 Quadis
746 3122 935 3224 exdindis,
950 3123 1089 3196 servitio
1107 3123 1286 3208 liberatum
1304 3123 1340 3196 δι
1421 3165 1422 3215 r

376 3230 499 3302 Romae
518 3255 595 3332 cum
619 3232 837 3318 Commodo,
856 3255 955 3331 quem
975 3233 1040 3327 jam
1064 3233 1231 3306 Caesarem
1254 3227 1341 3306 feee-
1420 3317 1421 3330 χ

269 3437 273 3445 Ι
377 3361 445 3432 rat,
456 3337 545 3432 filio,
560 3364 599 3416 ut
613 3344 774 3430 diximus,
791 3343 851 3415 suo
862 3397 872 3430 ,
883 3343 1113 3439 triumphavit.
1127 3345 1215 3416 Cum
1231 3363 1340 3418 autem

377 3457 420 3528 ad
433 3453 637 3529 hoobellum
657 3475 761 3526 omne
773 3452 925 3526 ararium
944 3450 1140 3536 exhaufilset
1154 3451 1339 3544 suum,ne·

354 3589 445 3664 que
464 3565 500 3637 in
519 3566 667 3637 animum
689 3558 884 3651 induceret,
907 3584 942 3634 ut
962 3581 1056 3636 extra
1078 3562 1234 3635 ordinem
1256 3581 1339 3656 pro·
1418 3649 1419 3652 Ἴ

371 3669 582 3754 'vincialibus
602 3672 729 3773 aliquid
751 3675 956 3770 imperaret,
978 3672 1015 3745 in
1038 3671 1119 3746 foro
1142 3669 1239 3745 Divi
1253 3674 1339 3746 Tra·

376 3780 449 3878 iuni
469 3782 662 3869 cnutonem
683 3801 963 3871 ornamentorum
989 3779 1215 3882 imperialium
1237 3780 1338 3870 iecit,
