2856 4824
392 349 462 420 240
547 323 721 400 AEttt
770 319 1203 398 LAMPRIDll

391 487 604 586 Heliogabali
626 486 784 584 peritus,
809 445 950 559 taranta
979 485 1063 560 ono.
1088 487 1170 560 rrae
1193 485 1282 560 tram
1312 483 1354 561 at
1418 445 1420 515 3

391 600 427 672 in
442 601 586 671 hortose
604 597 662 669 ubi
682 598 806 669 Varius
825 597 999 669 invenitur
1016 615 1185 670 certamen
1202 600 1351 695 aurigans.

391 709 425 781 di
440 731 570 806 parans,
584 707 776 802 exspeslans
792 724 903 778 tamen
918 705 1145 793 intensissime,
1157 708 1351 803 quandoei·

276 811 278 818 l
313 897 318 908 ,
393 822 468 892 dem
494 818 705 897 nuntiaretur
732 816 959 892 consobrinus
980 815 1123 907 occisus.
1150 816 1231 910 Qui
1245 818 1351 891 subito

393 928 538 1000 militum
569 925 706 1022 ssrepitu
734 926 911 999 exterritus
934 926 968 998 in
992 927 1151 1023 angulum
1181 928 1214 999 se
1238 928 1353 1001 condi·

392 1039 458 1126 dit,
481 1035 684 1134 objesluque
704 1035 773 1110 veli
798 1033 1021 1123 cubicularis,
1042 1037 1164 1130 quod
1156 1064 1190 1110 tn
1210 1037 1355 1111 introitu

393 1166 464 1222 erat
485 1145 654 1235 cubiculi,
672 1145 704 1218 se
727 1144 820 1217 texit.
839 1145 930 1218 Misit
947 1169 987 1218 ex
1005 1143 1191 1237 Praeseslis,
1212 1147 1301 1220 alios
1317 1147 1355 1219 ad
1416 1167 1422 1260 g

394 1257 672 1379 compescendos·
676 1255 827 1330 milites
819 1282 854 1327 m
872 1245 998 1345 castra,
1020 1256 1106 1329 alios
1127 1279 1212 1330 vero
1232 1258 1275 1328 ad
1298 1279 1355 1330 eos
1419 1261 1423 1328 l

395 1365 601 1465 placandos,
616 1363 751 1462 quijam
770 1365 804 1436 in
824 1366 944 1438 hortos
959 1367 1136 1440 venissent.
1156 1366 1356 1438 Antiochia·
1421 1353 1422 1460 ᾖ

396 1499 459 1548 nus
478 1474 638 1571 igiturex
660 1473 824 1546 Praeseslis
850 1499 936 1547 unus
945 1474 1117 1564 ,milites,
1139 1473 1261 1570 quiin
1277 1475 1357 1546 hot
1419 1467 1423 1551 i

278 1628 279 1632 =
395 1605 452 1657 tos
469 1604 650 1669 venerant,
667 1584 911 1658 &sacramenti
925 1583 1157 1657 admonitione
1178 1585 1358 1672 exoravit,

397 1719 441 1766 ne
465 1695 558 1769 illum
580 1694 795 1781 occiderent,
810 1693 886 1791 qnia
910 1717 972 1766 nec
994 1693 1089 1766 multi
1111 1711 1299 1780 venerant,
1323 1694 1358 1764 ds

324 1873 329 1902 ,
396 1804 550 1902 plerique
573 1829 649 1877 cum
670 1804 826 1893 vexillo,
849 1805 944 1904 quod
968 1801 1222 1877 Aristomachus
1251 1802 1358 1875 tribu·

398 1937 462 1986 nus
482 1914 683 2000 retinuerat,
700 1913 936 1986 remanserant.
957 1914 1061 1988 haec
1052 1940 1087 1985 ιιι
1113 1911 1233 1984 hortis

462 2020 544 2094 XV.
568 2027 604 2094 ln
625 2021 738 2095 castris
763 2045 850 2096 vero
872 2022 994 2096 milites
1022 2022 1169 2118 precanti
1195 2015 1358 2111 Praefesio

339 2213 340 2222 ἵ
399 2117 580 2219 (Ιίιιέιιιιιι,
594 2128 626 2204 se
645 2131 802 2225 parsuros
818 2129 884 2203 esse
903 2132 1144 2229 Heliogabalo,
1156 2131 1263 2207 st&
1253 2155 1359 2228 impu

399 2263 456 2312 ros
469 2184 624 2312 homiites
634 2292 645 2327 ,
656 2243 693 2314 dt
707 2239 854 2335 aurigas,
869 2243 906 2313 δι
926 2237 1106 2314 histriones
1120 2268 1139 2314 a
1153 2241 1185 2314 se
1205 2241 1359 2320 dimove

323 2353 332 2418 '.
398 2366 471 2435 ret,
491 2369 592 2446 atque
615 2350 657 2420 ad
680 2350 806 2422 bonam
828 2349 956 2446 frugem
980 2350 1126 2437 rediret;
1146 2350 1197 2422 his
1216 2345 1360 2422 maxime
1423 2369 1424 2378 ¹

399 2458 585 2547 submotis,
603 2457 755 2556 quicum
775 2457 928 2530 omniunt
949 2459 1069 2532 dolore
1086 2462 1173 2556 apud
1191 2485 1270 2532 eum
1289 2460 1361 2554 plu·
1423 2499 1424 2502 ι

269 2569 273 2578 “
372 2595 379 2612 ·
400 2565 523 2638 timum
540 2583 716 2660 poterant,
728 2567 765 2637 &
781 2565 838 2662 qui
853 2565 967 2637 omnia
984 2565 1055 2659 ejus
1074 2568 1289 2653 vendebant,
1308 2562 1361 2640 vel

395 2674 568 2762 uanitate,
593 2669 650 2744 vel
676 2671 786 2744 sumis.
813 2667 951 2742 Remoti
975 2673 1053 2764 ,sunt
1080 2673 1225 2770 denique
1247 2676 1291 2746 ab
1320 2690 1361 2745 eo

346 2829 352 2838 ·
400 2781 599 2867 Hierocles,
612 2780 783 2866 Gordius,
796 2781 834 2853 δι
852 2780 1076 2869 Murissrmus,
1095 2785 1134 2854 δι
1146 2785 1216 2854 duo
1233 2782 1361 2876 impro-

399 2891 437 2962 bi
463 2889 663 2976 familiares,
680 2891 738 2986 qui
763 2914 839 2962 eum
865 2914 905 2962 ex
926 2893 1028 2963 stulto
1051 2893 1237 2964 stultiorem
1266 2890 1362 2965 sacie-
1415 2974 1418 2982 ¹

400 3000 494 3072 bant.
509 2998 704 3072 Mandatum
724 3016 917 3093 praetereaa
938 3001 1102 3073 militibus
1120 3001 1307 3092 Praeseslis,
1323 3023 1362 3074 ne

400 3125 597 3204 paterentur
616 3108 711 3179 illurn
732 3107 777 3180 ita
798 3107 924 3180 diutius
947 3109 1089 3198 vivere,
1109 3115 1144 3184 dt
1158 3095 1200 3182 'ut
1214 3095 1362 3184 nte'xan·

400 3215 459 3290 der
483 3213 726 3303 custodiretur,
744 3215 864 3288 nevel
886 3217 934 3286 illi
957 3217 1067 3310 aliqua
1089 3220 1142 3290 vis
1171 3219 1362 3307 afferretnr;
1425 3269 1426 3312 r

398 3313 496 3404 simul
510 3348 553 3395 ne
567 3325 678 3398 Caesar
692 3325 881 3451 quempiam
895 3328 1040 3400 amicum
1057 3328 1195 3424 Augusti
1209 3329 1363 3418 videret,

401 3459 445 3506 ue
465 3433 535 3507 ulla
553 3431 673 3507 fieret
664 3435 810 3508 imitatio
830 3436 1059 3530 turpitudinis.
1080 3440 1144 3510 Sed
1160 3435 1363 3536 Heliogaba

353 3610 355 3614 ,
400 3543 454 3616 lus
469 3543 534 3618 dc
525 3541 651 3641 tngeot'i
666 3567 767 3642 prece
784 3541 978 3619 Hieroclem
999 3549 1207 3644 reposcebat
1220 3549 1363 3645 impudi-

398 3653 764 3744 ciffimumhominem,
777 3657 814 3730 dt
833 3653 991 3730 iosrdias
983 3685 1017 3730 m
1038 3661 1109 3760 dies
1128 3659 1257 3736 Caesari
1282 3683 1361 3756 pro·

401 3762 553 3862 pagabat.
582 3763 740 3864 Denique
769 3763 932 3878 Kalendis
958 3766 1140 3880 Ianuariis,
1167 3795 1248 3847 curn
1272 3763 1363 3844 srmul
