2856 4824
242 267 518 429 nurouruus
545 310 903 393 HELIOGABALUS·
988 279 1076 420 253¹

93 480 341 567 tes,a‘multis
362 479 505 554 dimissas
529 481 631 580 gratia
654 466 765 578 patris.
789 483 880 554 Idem
909 479 997 556 filios
1025 483 1058 556 se

95 589 195 662 nolle
212 590 362 680 dicebat,
382 617 425 664 ne
448 593 523 688 quis
548 595 578 664 ei
601 593 688 692 frugi
712 592 935 689 contingeret.
956 593 1058 664 Odo-

92 699 303 774 res'lndicos
320 701 387 773 fine
403 703 605 776 carbonibus
617 702 659 774 ad
675 703 885 798 vaporandas
900 720 984 774 zetas
1006 702 1058 797 ju·

94 807 198 880 bebat
220 807 365 883 incendi.
383 812 448 881 lter
469 810 621 906 privatus
642 836 814 908 nunquam
836 809 945 882 minus
965 810 1058 884 sexa·

96 916 190 1013 ginta
217 915 384 990 vehiculis
403 917 506 1007 fecit,
531 917 608 991 avia
631 917 687 989 sua
709 919 811 992 Varia
836 920 1059 1010 reclamante,

97 1028 193 1120 quod
208 1027 322 1100 omnia
338 1029 527 1124 perditurus
543 1030 634 1102 esset.
652 1033 837 1123 Imperator
854 1055 941 1106 vero
957 1032 1057 1105 etiam

97 1137 251 1210 sexcenta
276 1137 436 1226 vehicula
457 1139 579 1212 dicitur
606 1139 750 1230 duxisse,
764 1141 1057 1231 afferens,decem

98 1243 249 1320 millibus
275 1247 479 1319 camelorum
508 1245 676 1318 Persarum
703 1271 815 1344 regem
835 1239 905 1319 'it‘er
928 1249 1058 1342 facete,

99 1361 139 1430 δι
160 1345 334 1428 Neronem
351 1355 545 1454 quingentis
565 1356 711 1431 carrucis
732 1358 796 1431 iter
809 1357 930 1433 iniisse.
952 1363 1059 1436 Causa

98 1465 337 1542 vehiculorum
352 1487 423 1538 erat
437 1467 619 1556 lenonum,
634 1465 806 1558 leuatum,
824 1471 1059 1561 meretricum,

26 1589 30 1597 '
99 1575 339 1661 exoletorum,
379 1571 588 1646 subactorum
621 1573 719 1648 etiam
747 1575 833 1678 bene
863 1577 1058 1652 vasatorum
1152 1577 1155 1586 ’

100 1682 298 1755 multitudo.
316 1684 357 1756 ,ln
374 1681 501 1754 balneis
523 1682 651 1779 semper
671 1707 747 1756 cum
768 1683 963 1760 mulieribus
979 1685 1061 1769 fuit,

99 1789 147 1863 ita
167 1813 204 1864 ut
226 1813 280 1862 eas
299 1789 368 1898 ipse
385 1789 550 1887 psilothro
573 1811 721 1866 curaret:
739 1791 808 1891 ipse
828 1796 1059 1908 quoquexbar·
1162 1803 1182 1828 ’·
1236 1823 1239 1834 ·

100 1905 179 1975 bam
201 1904 366 2000 psilothro
381 1929 559 1979 accurans:
578 1905 739 2002 quodque
758 1906 949 2001 pudendum
970 1909 1059 1983 diclu

101 2010 166 2101 est,
186 2013 328 2100 eodem,
347 2035 418 2108 quo
446 2014 601 2086 mulieres
622 2015 879 2102 accurabantur,
895 2017 933 2089 dt
946 2017 1059 2089 eadem

100 2119 305 2224 horar'rasrt
329 2121 367 2192 δι
398 2118 510 2192 virilia
531 2119 757 2192 subactoribus
783 2119 867 2207 suis,
892 2123 1060 2193 novacula

102 2253 203 2300 manu
217 2229 293 2316 sua,
307 2253 374 2325 qua
387 2227 500 2324 postea
517 2227 650 2298 barbam
667 2225 756 2299 fecit.
771 2227 880 2300 Scobe
893 2227 964 2320 auri
978 2253 1060 2322 por·
1164 2315 1169 2332 Ι

1 2417 2 2422 ,
101 2340 207 2413 ticum
225 2339 343 2413 stravit
361 2337 558 2434 tangent,
585 2338 723 2426 dolens,
743 2338 838 2434 quod
862 2361 933 2410 non
954 2337 1061 2430 posset

101 2450 142 2521 &
157 2447 294 2520 eleslrit·
310 2446 413 2544 idque
439 2444 650 2543 frequenter,
670 2449 873 2542 quacunque
893 2441 977 2516 fecit·
996 2444 1062 2516 iter

3 2557 8 2566 '
58 2649 61 2653 Ι
100 2557 243 2653 pedibus
262 2557 418 2654 usquead
438 2581 563 2653 equum
581 2557 635 2632 vel
650 2572 866 2652 carpentum,
882 2572 919 2626 ut
935 2551 973 2626 fit
994 2553 1061 2628 ho·

100 2666 156 2738 die
170 2667 211 2738 de
224 2667 341 2737 aurosa
355 2691 465 2738 arena.
716 2737 719 2743 ,
1043 2737 1047 2765 ,¹

150 2775 298 2849 XXXll.
323 2773 587 2848 Calciamentum
614 2795 783 2869 nunquam
801 2768 956 2858 iteravit,
975 2795 1060 2844 anu·

23 2887 54 2946 “-
102 2887 155 2957 los
181 2884 283 2956 etiam
310 2904 449 2982 negatur
478 2883 618 2957 iterasse.
647 2881 813 2954 Pretiosos
838 2879 945 2954 velles
975 2880 1060 2977 saepe

65 3055 68 3060 .
102 2989 285 3078 conscidit,
305 2991 363 3063 vel
387 2993 496 3064 lanam
522 2991 668 3089 cepit&
693 2980 882 3086 appendit,
892 3008 992 3087 atque
1019 2990 1060 3061 ad

103 3103 174 3198 ejus
203 3098 456 3172 aestimationem
480 3099 666 3196 ponderis,
689 3099 795 3196 pisces
820 3095 934 3176 amicis
963 3099 1070 3171 exhi·=

101 3210 187 3284 buit.
198 3201 582 3282 Navesonrrstasmersrt
596 3206 630 3277 in
644 3225 766 3301 portu,
782 3205 1060 3302 magnanimitatis

101 3320 170 3392 hoc
195 3315 259 3389 esse
281 3315 404 3389 dicens.
440 3317 538 3387 Onus
564 3314 693 3390 ventris
718 3337 801 3387 auto
829 3313 990 3409 excepit:
1024 3313 1059 3384 in

101 3426 289 3525 myrrhinis
307 3425 344 3500 δι
370 3424 555 3521 onychinis
577 3422 711 3494 minxit.
736 3425 825 3494 ldern
847 3420 964 3494 dixisse
992 3419 1059 3510 serf
1164 3515 1166 3521 Ι

102 3559 179 3626 tut,
199 3542 238 3608 Si
260 3539 391 3635 habuero
416 3541 565 3625 heredem,
587 3541 669 3624 dabo
695 3539 744 3607 illi
765 3559 917 3623 tutorem,
940 3535 995 3626 qai
1020 3538 1058 3603 it·

102 3649 166 3715 lam
182 3647 243 3716 laaec
254 3644 358 3736 fircera
376 3669 484 3738 cogar,
508 3650 571 3738 'qua
589 3645 650 3736 ipsc
666 3643 752 3732 feci,
765 3642 964 3735 sitimusque
974 3642 1058 3732 fimi.

104 3753 231 3828 Habuit
253 3753 354 3829 etiam
372 3753 465 3826 itiam
489 3753 765 3828 consuetudinem
776 3805 789 3845 ,
807 3769 844 3826 ut
866 3775 980 3848 coenas
1001 3750 1060 3823 srbi
1120 3757 1132 3822 ,’
