2782 4814
770 188 781 228 i

342 341 823 468 nnnnrnnuc
1042 381 1059 453 ς

9 479 10 570 s
95 497 233 576 tonicus
254 497 349 576 libris
369 501 435 576 suis
451 503 584 579 indidit.
607 507 769 606 Denique
788 510 919 605 statim,
941 501 1079 592 suffra-¹

9 615 10 692 ξ
96 629 195 708 gante
208 611 310 710 Sura,
323 611 364 684 ad
381 613 562 689 amicitiam
577 617 716 712 Trajani
734 620 923 716 pleniorem
938 629 1058 709 rediit,

9 749 10 764 2
95 739 196 816 nepte
217 747 278 817 per
294 721 444 808 fororem
460 727 598 821 Traiani
620 752 730 802 uxore
745 751 903 828 accepta;
920 730 1058 814 favente

9 875 10 912 3
94 829 254 920 Plotina,
271 831 565 927 Trajano'leviter
585 835 645 937 (ut
667 839 796 921 Marius
817 844 987 922 Maximus
1002 851 1057 932 di÷

9 1007 10 1028 ἶ
95 938 173 1038 xit)
197 941 347 1018 volente.
726 1013 731 1018 ,

9 1123 10 1136 ¹
144 1042 195 1110 ΙΙΙ.
218 1041 427 1132 Quaesturam‘
451 1047 545 1142 geffit
566 1048 713 1146 Traiano
736 1067 856 1148 quater
870 1057 907 1130 δι
922 1057 1056 1132 Articui

95 1141 423 1240 lejopconsulibus:
448 1153 484 1224 in
502 1179 568 1252 qua
584 1160 885 1248 numerationem
910 1161 1057 1263 Impera·

93 1252 176 1347 toris
199 1253 235 1326 in
256 1251 378 1329 Senatu
394 1262 550 1356 agrestius
573 1257 820 1359 pronuntians,
843 1272 924 1346 risus
949 1276 1054 1364 effer,

9 1355 10 1418 ἶ
93 1359 258 1456 usquead
279 1363 438 1450 summam
468 1371 619 1466 peritiam
645 1379 684 1450 &
709 1376 900 1476 spcundiam
928 1384 1055 1460 Latinis

9 1495 11 1560 f
93 1489 232 1561 operam
257 1471 359 1544 dedit.
376 1475 456 1547 Post
473 1479 672 1576 quaesturam
702 1488 770 1558 acia
793 1489 934 1560 Senatus
957 1515 1055 1564 cura·

94 1577 165 1664 vit,
179 1581 338 1674 atque'ad
359 1582 483 1658 bellum
508 1590 677 1666 Dacicum
704 1593 890 1693 Traianum
911 1597 1060 1673 familia-r

93 1689 162 1760 rius
178 1691 377 1784 prosecutus
395 1695 461 1769 est:
476 1705 615 1796 quando
636 1704 771 1801 quidem
786 1709 825 1782 δι
836 1709 988 1808 indulstffe
1001 1719 1052 1786 νὶ·

9 1807 11 1834 ²
92 1825 133 1867 no
144 1799 182 1890 se
204 1799 308 1887 dicit,
326 1803 465 1892 Trajani
481 1815 619 1884 moribus
641 1817 878 1909 obsequentem
896 1841 986 1912 atque
1011 1828 1051 1894 ob

9 1901 10 1916 d
92 1911 189 2004 docsc
205 1941 227 1983 a
244 1913 390 2002 Trajano
412 1921 635 2016 locupletiffirne
651 1951 853 1999 muneratum.
877 1929 1051 2006 Tribunus
1121 1953 1122 1960 ’

9 2073 10 2076 ,
92 2022 198 2114 plebis
215 2021 319 2098 fadus
334 2025 380 2122 est
392 2027 550 2100 Candido
568 2031 798 2124 &Quadrato
812 2035 933 2110 iterum
952 2041 1054 2112 Con·

93 2129 227 2204 sudibus.
248 2132 283 2204 in
304 2159 377 2232 quo
399 2137 610 2235 magistratu,
626 2143 668 2214 ad
689 2162 886 2240 perpetuam
906 2148 1053 2223 tribuni·

9 2299 10 2302 ,
94 2238 177 2312 ciam
194 2243 393 2338 potestatem
407 2271 510 2318 orncn
525 2247 586 2320 fibi
598 2248 721 2324 fadum
742 2253 870 2342 asserir,
882 2259 978 2354 quod
992 2281 1053 2352 pe·

62 2351 64 2356 ’
94 2355 183 2426 nulas
194 2355 360 2445 amiserit,
374 2357 496 2455 quibus
508 2359 556 2432 uri
568 2360 694 2433 tribuni
712 2362 817 2458 plebis
828 2365 954 2460 pluviae
969 2386 1053 2438 tent·

93 2488 174 2558 pore
194 2463 371 2555 solebant,
389 2467 610 2563 imperatores
627 2489 736 2544 aurem
758 2497 943 2569 nunquam.
961 2478 1052 2548 unde

95 2574 261 2673 hodieque
280 2581 502 2673 Imperatores
523 2580 590 2652 fine
605 2580 736 2676 penulis
751 2607 769 2652 a
790 2577 914 2680 togatis
931 2585 1053 2658 viden·

93 2704 152 2758 tur.
168 2685 322 2760 Secunda
335 2687 554 2782 expeditione
567 2687 696 2762 Dacica
710 2687 873 2781 Traianus
892 2716 967 2766 eum
982 2694 1051 2790 pri·

93 2819 153 2866 mae
165 2795 295 2892 legioni
316 2797 497 2869 Minerviae
523 2799 726 2895 ptaeposuit,
740 2799 918 2898 secumque
934 2805 1050 2880 duxit:

93 2903 380 3000 quandoquidem
398 2908 501 2979 multa
513 2909 642 3006 egregia
656 2907 727 3003 ejus
745 2908 826 2982 farta
846 2911 1051 2990 claruerunt.

94 3035 193 3109 quare
214 3013 389 3088 adamante
413 3040 563 3113 gemma,
581 3011 685 3114 quam
707 3018 874 3112 Traianus
893 3047 912 3092 a
933 3023 1051 3096 Nerva

92 3141 280 3219 acceperat,
293 3124 457 3212 donatus,
468 3125 509 3196 ad
524 3125 614 3222 spem
627 3126 839 3202 sdcceffionis
854 3131 979 3204 eredus
993 3133 1051 3208 est.

92 3235 219 3309 Praetor
234 3235 338 3311 fadus
357 3237 403 3310 est
424 3237 634 3333 subducano
653 3239 727 3326 bis,
741 3243 906 3318 Serviano
926 3244 1052 3318 iterum

10 3417 11 3420 ,
91 3343 293 3418 Consulibus
301 3369 314 3431 ;
341 3370 417 3418 cum
440 3344 621 3449 {esteriidm
644 3347 922 3426 viciesad-iudos
944 3351 1050 3424 eden·

9 3449 10 3508 ἶ
92 3449 151 3524 dos
170 3479 188 3524 a
205 3442 357 3547 Traiano
371 3455 513 3550 accepit.
526 3457 667 3552 Legarus
683 3456 798 3553 postea
817 3461 997 3552 praerorius
1012 3460 1049 3529 in

92 3558 299 3634 Pannoniam
323 3559 519 3635 inferiorem
543 3563 678 3654 mistus,
692 3568 857 3640 Sarmatas
876 3565 1050 3661 compres-

92 3669 148 3761 sit,
166 3671 378 3768 disciplinam
398 3673 574 3748 militarem
593 3678 724 3766 tenuit,
745 3677 1050 3774 procuratorcsia·

95 3778 156 3855 tius
178 3799 360 3882 evagantes
380 3784 558 3859 coercuit:
577 3787 624 3860 ob
638 3787 707 3862 hoc
724 3785 854 3860 Consul
875 3783 920 3858 est
932 3781 1048 3860 fadus.
