2782 4814
373 300 417 376 μ
528 233 1196 354 nircsrn‘nrrnur‘

345 411 348 416 Ι
370 446 420 517 ua
443 443 484 518 de
506 441 538 514 se
560 439 670 530 scisse,
684 440 748 528 sic,
769 458 808 513 ut
830 442 985 514 omnium
1006 442 1156 529 dierum,
1170 441 1332 542 usquead

372 553 491 628 horam
506 551 645 640 mortis,
658 548 792 622 futuros
807 549 898 621 adius
910 569 986 624 ante
999 551 1234 650 perscripserit.

422 671 480 740 lV.
495 662 579 738 Satis
593 683 753 760 praeterea
766 660 914 751 constat,
929 687 1004 734 eum
1020 663 1062 737 de
1074 669 1167 737 Vero
1180 663 1265 764 saepe
1279 663 1332 740 di·

341 757 549 863 nisse,
586 841 588 852 .

419 886 684 987 Ostendenrrerris
697 881 1016 972 lunccanrumfoca,
1029 892 1226 977 nequeunte

419 994 492 1094 Effe
496 997 534 1096 s
517 1020 613 1067 nent

367 1107 472 1200 Quos
484 1130 544 1181 ver
546 1103 599 1178 sus
612 1129 689 1178 cum
702 1103 906 1202 aliquando
897 1130 932 1178 nr
944 1105 1112 1200 hortulos
1108 1105 1237 1203 parians
1251 1131 1330 1181 can·

370 1215 504 1302 tiraret,
516 1230 614 1310 atque
635 1212 755 1286 adesset
772 1239 859 1287 unus
874 1235 913 1284 ex
926 1213 1064 1285 literatis
1076 1266 1087 1303 ‚
1099 1239 1246 1314 quorum
1264 1219 1330 1290 He·

369 1321 506 1396 drianus
515 1320 1008 1420 speciosasocietategaudehar‚
1018 1321 1187 1416 velletque
1197 1324 1329 1414 addere,
1356 1378 1358 1381 -

447 1475 481 1494 -
527 1477 562 1492 -
606 1434 752 1504 Nimium
766 1435 856 1507 vobis
869 1435 1019 1503 Romana
1026 1458 1166 1528 proporro

424 1544 505 1633 Visa
513 1565 642 1635 potens,
648 1542 773 1634 strperi,
776 1547 909 1634 propria
922 1539 1024 1637 lzaecst
1032 1545 1116 1612 dona
1123 1541 1281 1639 fuifflnc:

262 1676 268 1742 j
369 1652 560 1727 Hadrianus
574 1648 688 1722 dixisse
707 1643 924 1742 fertur‚Hos
946 1655 1050 1746 vefies
1074 1659 1143 1725 vira
1156 1683 1220 1726 non
1244 1658 1329 1750 capit

369 1762 479 1849 Veri3
470 1759 584 1832 ·illud
600 1757 743 1831 addens:

543 1872 775 1940 -Manibus
787 1871 918 1942 datelil
894 1877 987 1964 lsrap
984 1873 1072 1944 enisa

419 1982 593 2070 Purpureos
599 1979 877 2086 spargamflores,
890 1987 1087 2076 animamque
1099 1983 1220 2076 nepotis

419 2089 605 2182 Hisfirleeot
618 2095 805 2162 accumulem
819 2093 932 2181 donis,
949 2087 1135 2187 &frangar
1121 2095 1214 2164 rnani

419 2203 560 2272 Munere.

371 2311 461 2385 Cum
477 2306 614 2404 quidem
638 2305 739 2380 etiarn
759 2304 843 2379 illud
863 2305 987 2382 dicitur
1004 2331 1081 2380 cunr
1101 2301 1260 2380 irrisione
1282 2303 1329 2380 di·

318 2409 322 2418 Ἰ
372 2419 473 2497 xiffe:
488 2422 562 2514 Ego
576 2420 656 2490 milri
669 2423 777 2490 diuum
791 2422 956 2512 adoptari,
970 2422 1158 2511 nonfiliurn.
1174 2423 1260 2490 Eum
1283 2440 1327 2492 ta·

369 2543 450 2603 rnen
469 2554 546 2604 curn
564 2527 799 2603 consolaretur
817 2554 904 2602 unus
923 2528 964 2601 de
983 2527 1141 2618 liniatis,
1166 2526 1226 2623 qui
1248 2530 1327 2600 ade·

368 2648 464 2724 rant,
481 2663 520 2712 ac
547 2637 693 2728 diceret,
716 2642 809 2736 Quid
819 2639 859 2739 st
878 2667 942 2712 non
964 2639 1034 2710 resse
1052 2639 1239 2740 constellatio
1262 2639 1327 2726 ejus

368 2745 493 2820 cottana
515 2747 573 2849 ess,
587 2775 674 2840 quern
698 2753 846 2818 credimus
866 2745 919 2844 effe
938 2749 1116 2818 victurum?
1138 2745 1327 2818 Hadrianus
1388 2751 1389 2764 ¹

369 2855 488 2928 dixisse
497 2855 736 2927 fetluttFocile
748 2858 804 2958 ista
826 2860 905 2926 dicis
922 2881 973 2942 tu,
985 2861 1038 2950 qui
1050 2855 1237 2950 patrimonii
1258 2857 1326 2942 uei,

371 2997 442 3049 non,
455 2970 643 3060 reipublice,
661 2969 771 3060 queris
789 2970 931 3040 heredem.
952 2967 1053 3039 Unde
1072 2988 1232 3060 apparet,
1250 2989 1326 3036 eum

367 3074 516 3148 habuisse
530 3073 563 3144 in
586 3072 704 3144 animo·
718 3072 819 3144 alium
841 3073 999 3170 deligere,
1011 3093 1111 3169 atque
1132 3074 1224 3144 hunc
1247 3069 1326 3142 ulri-

369 3205 431 3260 tno
454 3183 536 3253 vitae
558 3179 623 3252 suae
642 3202 829 3278 temporeo
853 3180 1022 3278 republica
1040 3181 1249 3252 submovere.
1272 3177 1326 3250 sed
1385 3257 1386 3272 p

333 3314 337 3322 ·
370 3288 443 3382 ejus
463 3287 630 3362 consrlia
619 3289 709 3384 Juvit
726 3309 879 3362 eventus.
898 3314 973 3361 narn
994 3315 1072 3361 cum
1091 3291 1130 3360 de
1152 3288 1326 3402 provincia
1385 3291 1386 3315 ¹

371 3399 476 3577 AElrps
489 3397 748 3494 redissetatque
759 3415 949 3473 orationem
963 3387 1325 3492 pulcherrimamque
1383 3417 1385 3498 p

369 3506 442 3580 hod
456 3529 609 3602 eque
556 3505 697 3612 lenitur,
718 3504 787 3575 sive
806 3527 865 3600 per
884 3503 938 3591 se,
957 3503 1028 3577 sive
1049 3529 1143 3602 per
1128 3505 1324 3577 scriniorum
1383 3543 1384 3606 p

367 3631 428 3695 aut
452 3616 585 3690 dicendi
589 3557 797 3712 migistros
813 3612 974 3710 parasset,
998 3641 1062 3711 qua
1091 3616 1250 3688 Kalendis
1273 3617 1324 3688 Ja-
1383 3609 1384 3682 l

369 3726 495 3806 nunriis
517 3725 686 3810 Hadriano
707 3723 794 3823 patri
813 3723 1080 3824 gretiasagere15
1100 3743 1236 3825 accepta
1258 3748 1324 3822 po.

1380 3899 1382 4047 l
