2856 4824
356 237 1165 368 286⁸AEL11LnMPR1D11

355 451 508 526 ssulallet.
530 451 617 524 Usus
639 449 781 524 Venetis
801 450 897 524 ineo
918 449 1216 541 moderaretur,
1232 474 1317 526 exo·

354 564 503 638 letorum
523 561 568 635 ita
586 581 727 658 expers,
748 579 784 632 ut
799 557 1102 658 (quemadmodum
1118 561 1216 655 supra
1230 561 1316 633 dixi·

354 671 448 769 mus)
467 669 573 768 legem
594 669 635 740 de
653 667 704 742 his
725 665 914 740 auferendis
935 666 1022 738 ferre
1047 667 1210 739 voluerit.
1227 667 1316 738 Hor·

355 807 409 856 rea
430 781 464 852 in
487 778 647 852 omnibus
671 776 866 876 regionibus
885 776 1020 872 publica
1045 777 1146 862 fecit,
1171 778 1212 849 ad
1242 803 1316 873 quae

355 889 549 964 conferrent
570 887 662 959 bona
681 885 726 974 ii,
743 885 802 981 qui
819 885 968 981 privatas
986 886 1149 984 custodias
1170 911 1243 958 non
1262 887 1317 958 ha·

354 997 483 1070 herent.
509 994 631 1066 Balnea
661 992 822 1066 omnibus
847 991 1042 1088 regionibus
1068 993 1216 1081 addidit,
1244 1018 1318 1092 quae

355 1098 446 1176 forte
470 1125 542 1173 non
566 1101 743 1174 habebant.
767 1125 844 1171 narn
865 1100 1034 1196 hodieque
1060 1101 1168 1174 multa
1195 1101 1317 1174 dicun·

355 1230 412 1284 tur
431 1209 623 1284 Alexandri.
645 1211 736 1284 Fecit
758 1212 796 1284 δι
821 1211 944 1282 domos
963 1209 1223 1305 pulcherrimas,
1244 1209 1316 1284 eas·

355 1323 500 1418 demque
520 1321 636 1394 amicis
654 1321 720 1394 luis
734 1319 881 1393 maxime
903 1320 1041 1418 integris
1060 1319 1144 1394 vitis
1162 1321 1317 1397 donavit.

354 1430 539 1530 Vediga'lia
558 1430 689 1525 publica
710 1425 747 1502 in
773 1428 808 1501 id
832 1429 1022 1518 contraxit,
1041 1446 1097 1519 ut,
1118 1430 1178 1527 qui
1201 1431 1315 1504 decem

354 1533 557 1612 aureos'sub
577 1537 801 1636 Heliogabalo
824 1536 1064 1642 praestiterant,
1083 1539 1215 1611 tertiam
1239 1565 1317 1637 par·

354 1669 424 1722 tem
446 1653 536 1724 aurei
557 1651 769 1748 praestatent‚
788 1651 856 1724 hoc
874 1650 935 1736 est,
953 1649 1151 1724 tricesimam
1178 1668 1317 1746 pattena.

356 1779 506 1858 tuncque
530 1760 674 1857 primum
700 1759 842 1834 semiffes
866 1783 1043 1832 aureorum
1067 1760 1205 1832 sormati
1224 1761 1315 1832 sumt

355 1887 440 1942 tunc
459 1865 581 1958 etiam,
604 1895 680 1942 cum
701 1871 744 1941 ad
764 1867 895 1940 tertiam
914 1868 1005 1941 aurei
1025 1888 1150 1964 partem
1170 1867 1316 1962 vedigal

356 1977 1203 2074 decidilset,ttemiffes;dicenteAletrandro,etiam
1215 2002 1319 2074 quar·

356 2088 462 2161 tatios
482 2086 636 2176 futuros,
657 2084 880 2184 quodminus
901 2085 1117 2182 nonoollet:
1136 2105 1224 2182 quos
1242 2084 1318 2181 qui·

351 2197 432 2283 ,dent
446 2195 508 2290 jam
530 2195 693 2268 formatos
710 2195 744 2267 in
760 2212 897 2268 moneta
919 2193 1083 2281 detinuit,
1103 2192 1316 2288 adpellant,

355 2303 451 2392 ut,fi
468 2304 607 2401 redigal
626 2303 825 2378 contrahere
843 2301 1020 2398 potuisset,
1033 2304 1072 2375 dt
1088 2300 1223 2374 eosdem
1241 2301 1318 2372 ede·

356 2430 428 2486 ret:
450 2411 504 2485 sed
523 2437 600 2486 cum
628 2436 699 2484 non
721 2409 876 2508 potuiffet
894 2435 954 2506 per
975 2409 1125 2505 publicas
1146 2410 1319 2482 neceffita·
1403 2463 1404 2484 r

356 2543 425 2614 tes,
447 2523 592 2598 conflari
609 2547 674 2596 cos
698 2522 806 2615 juffit,
828 2526 865 2595 de
892 2521 1050 2594 tremilles
1078 2537 1209 2593 tantum
1235 2520 1317 2593 soli·
1403 2543 1404 2586 t

356 2635 485 2731 dosque
503 2634 652 2710 formari.
668 2623 806 2708 Formas
817 2633 1167 2722 binarias‚ternarias,
1179 2635 1217 2708 δι
1236 2657 1318 2729 qua·

356 2746 536 2831 ternarias,
559 2749 596 2818 δι
623 2745 773 2848 denariae
797 2745 918 2833 etiam,
945 2761 1047 2840 atque
1074 2739 1239 2838 amplius,
1263 2736 1317 2809 us·
1403 2757 1404 2840 l

356 2880 423 2953 que
447 2857 488 2928 ad
510 2856 645 2930 bilibres
669 2880 806 2954 quoque
830 2858 868 2928 δι
893 2855 1117 2946 centenarias,
1140 2877 1223 2950 quas
1249 2853 1319 2924 He·

356 2963 542 3060 liogabalus
567 2963 762 3050 invenerat,
788 2962 910 3035 resolvi
939 2963 1118 3060 praecepit,
1144 2987 1257 3058 neque
1282 2961 1332 3054 in⁴

357 3074 419 3146 usu
445 3071 639 3169 cujusquam
668 3073 815 3164 versari,
837 3093 936 3168 atque
962 3098 1071 3146 exeo
1097 3075 1148 3146 his
1171 3071 1318 3146 materia)

358 3208 486 3258 nomen
499 3183 640 3256 inditum
654 3184 802 3272 est‚.cum
818 3185 957 3274 diceret,
970 3185 1044 3286 plus
1059 3183 1223 3282 largiendi
1231 3183 1318 3255 hanc
1403 3215 1404 3218 ¹

358 3291 632 3387 ellebmperatori
652 3292 947 3382 causam‚s1'‚cum
969 3293 1095 3366 multos
1112 3293 1239 3366 solidos
1255 3291 1318 3362 mi·

258 3414 261 3418 ’
360 3425 461 3472 nores
474 3401 551 3472 dare
566 3399 683 3495 polla,
698 3403 779 3474 dans
795 3402 910 3472 decem
926 3401 982 3474 vel
1000 3403 1142 3497 amplius
1160 3425 1231 3472 una
1244 3398 1319 3470 sor·

313 3553 319 3558 ,
359 3533 438 3596 ma,
458 3507 653 3606 triginta&
675 3506 918 3606 quinquaginta
939 3509 979 3582 δι
998 3526 1134 3582 centum
1157 3508 1236 3580 dare
1257 3529 1320 3599 co·

361 3633 503 3713 geretur.
1187 3685 1189 3688 ,
1403 3635 1404 3680 1

392 3727 481 3802 XL.
499 3728 612 3807 Vestes
636 3722 755 3806 sericas
774 3724 843 3825 ipsc
863 3751 950 3802 raras
966 3721 1100 3802 habuit:
1115 3724 1320 3805 holoserico
1403 3715 1404 3784 l
