2782 4814
360 348 406 417 ῃ
451 285 459 302 ’
550 275 710 394 sumi
745 253 1120 388 cantroutur

360 462 429 572 rat,
442 499 522 556 eum
536 477 666 579 ingenti
682 478 862 578 gratiarum
881 479 1016 556 anione
1032 480 1185 578 suscepit.
1196 481 1323 558 Tertio

360 615 452 664 anno
472 587 604 688 imperii
629 589 677 663 sui
699 589 885 662 Faustinam
906 589 1231 686 uxorem-perdidite
1246 615 1326 687 quae

173 783 175 791 Ι
360 723 381 771 a
405 697 519 773 senatu
540 695 737 772 consecrata
761 697 828 787 ess,
859 698 976 772 delatis
998 699 1200 772 circenfibus
1222 723 1328 796 atque
1358 785 1362 796 ,

211 871 214 884 ,
359 809 511 905 templo,
526 811 565 884 δι
578 807 778 899 flaminicis,
792 812 830 884 δι
846 807 961 881 statuis
975 809 1082 882 aureis
1095 831 1194 905 atque
1206 833 1327 912 argen-

361 915 447 988 teis:
463 941 540 990 cum
559 917 660 1008 etiam
671 918 741 1015 ipse
760 918 828 991 ltoc
844 915 1062 1006 concesserit,
1076 935 1114 990 ut
1128 917 1241 1014 imago
1253 915 1329 1009 ejus

361 1023 490 1096 eunslis
505 1024 706 1099 circensibus
722 1040 915 1122 poneretur.
930 1024 1079 1098 Statuam
1095 1049 1249 1115 auream,
1267 1025 1327 1095 de-

361 1130 1325 1231 latamasenatupposrtamsuscepit.MarcumAntoninum

361 1241 588 1338 quaestorem,
602 1243 788 1318 Consulem
809 1261 943 1339 petente
960 1243 1074 1316 senatu
1094 1235 1234 1316 creauit.
1250 1248 1326 1316 An·

363 1351 458 1424 nium
473 1355 621 1444 Verum,
633 1353 694 1453 qui
710 1352 825 1449 postea
840 1352 949 1426 diuus
962 1350 1009 1424 est
1022 1352 1234 1442 Antoninus,
1248 1373 1327 1426 ante

363 1480 496 1558 tempus
505 1462 706 1559 quaestorem
721 1461 924 1560 designavit:
939 1485 1049 1557 neque
1065 1460 1327 1558 de'ptovinciis,

363 1595 475 1667 neque
499 1571 540 1643 de
567 1571 642 1644 uilis
668 1570 794 1642 auibus
822 1570 1008 1668 quidquam
1039 1569 1234 1658 constituit,
1264 1572 1328 1644 nifi

363 1682 462 1779 quod
476 1682 567 1778 ptius
585 1683 629 1756 ad
647 1681 777 1769 amicos
793 1679 927 1754 retulit:
946 1698 1047 1777 atque
1061 1705 1104 1753 ex
1120 1704 1238 1754 eorum
1255 1681 1329 1762 sena

244 1863 245 1874 ,
363 1790 470 1864 tentia
483 1789 611 1863 formas
630 1789 832 1888 composuit.
848 1781 948 1864 Visus
966 1789 1012 1866 est
1031 1787 1106 1862 sane
1130 1790 1173 1867 ab
1189 1789 1329 1882 amicis,

365 1897 507 1974 &eum
532 1899 673 2008 privatis
699 1898 868 1992 vestibus,
893 1901 932 1976 δι
957 1897 1140 1974 domestica
1172 1899 1329 1999 quaedam

364 2032 494 2106 gerens.
819 2029 825 2036 ·

388 2193 394 2216 Ι
427 2120 502 2192 vll
518 2119 628 2192 Tanta
649 2116 723 2192 sane
747 2117 920 2218 diligentia
943 2118 1111 2214 subjeslos
1131 2117 1190 2192 fibi
1213 2139 1328 2216 popu-

364 2224 420 2300 los
434 2227 546 2317 rexit,
562 2247 601 2300 ut
614 2229 729 2302 omnia
744 2233 781 2304 dt
797 2252 936 2316 omnes,
951 2229 1045 2327 quasa
1056 2229 1113 2302 sua
1130 2228 1234 2302 essent
1243 2280 1256 2320 ‚
1270 2255 1328 2304 cu·

365 2355 465 2411 natet.
479 2337 672 2412 Provinciae
688 2338 804 2412 subeo
820 2340 948 2412 cunslae
961 2329 1166 2412 ¹floruerunt.
1181 2337 1329 2436 quadrus

365 2442 517 2541 platones
534 2444 685 2522 austindi
709 2446 793 2521 sunt.
814 2447 1002 2522 Publioatio
1022 2447 1193 2521 bonorum
1216 2448 1327 2522 rarior

246 2585 250 2594 ·
366 2577 468 2648 vam
497 2573 647 2652 unquam
677 2554 762 2647 fuis,
783 2556 829 2629 ita
854 2573 892 2629 ut
915 2569 1002 2629 unus
1022 2571 1154 2630 tantum
1180 2557 1327 2654 proseria

364 2659 505 2738 lueretur
522 2663 681 2739 affedatae
698 2663 891 2762 tyrannidis
906 2686 1007 2764 reus,
1021 2665 1090 2739 hoc
1108 2664 1175 2754 esl,
1192 2664 1328 2738 Attilius

367 2771 679 2860 Tatianus,senatu
694 2774 872 2868 puniente:
887 2801 905 2845 a
923 2799 996 2872 quo
1022 2774 1180 2850 conscios
1203 2773 1327 2872 requiri
1389 2847 1390 2850 ,

368 2881 503 2969 vetuit,
520 2877 596 2956 filio
611 2880 682 2978 ejus
703 2881 739 2954 in
754 2879 914 2956 omnibus
934 2883 1062 2978 semper
1079 2881 1207 2977 adjuto.
1227 2881 1328 2955 Periit
1389 2929 1390 2934 ,

369 2993 409 3066 &
424 2991 628 3082 Priscianus,
644 3016 721 3066 reus
741 2990 901 3065 affeslatae
917 2993 1129 3092 tyrannidis;
1145 2992 1202 3066 sed
1218 3009 1327 3066 morte

361 3098 718 3200 voluntariumque
739 3101 977 3198 conjuratione
998 3104 1106 3203 quaeri
1126 3100 1244 3178 vetuit.
1267 3102 1329 3175 Vi·

369 3207 442 3281 etus
458 3211 629 3285 Antonini
639 3212 688 3284 Pii
705 3211 780 3285 talis
797 3210 880 3298 suit,
900 3230 937 3304 ut
965 3213 1044 3286 esset
1065 3210 1239 3310 opulentia
1262 3209 1328 3282 stne
1388 3269 1389 3276 ,

370 3317 651 3412 reprehensroue,
665 3321 866 3418 parsimonie
887 3322 956 3394 sme
975 3322 1151 3411 sordibus3
1165 3323 1203 3396 δι
1218 3319 1328 3394 mensa
1388 3323 1389 3408 3

324 3471 328 3484 ·
371 3422 444 3520 ejus
460 3450 520 3524 per
540 3431 702 3528 proprios
719 3429 854 3520 servos,
865 3431 1023 3527 proprios
1044 3454 1206 3528 aucupes,
1222 3427 1328 3526 pisca·

371 3551 463 3612 tores
478 3544 516 3616 δι
535 3562 715 3644 penatores
732 3540 959 3614 instrueretur.
972 3540 1155 3630 Balneum,
1168 3564 1239 3637 quo
1254 3538 1328 3612 usus

263 3733 264 3738 η
368 3649 502 3743 suisset,
517 3651 587 3726 line
601 3651 754 3726 mercede
772 3651 903 3748 populo
919 3649 1091 3724 exhibuit:
1106 3673 1168 3721 uec
1182 3647 1328 3720 omnino

369 3758 558 3862 quidquam
580 3760 622 3838 de
637 3759 718 3842 vitae
732 3759 873 3862 private
895 3759 1053 3859 qualitate
1071 3755 1220 3837 mutavit.
1236 3748 1326 3830 Sala·¹

1054 4032 1063 4052 A(
1231 4047 1232 4050 ,

969 4156 972 4165 ι

1386 4207 1387 4218 t

1386 4219 1387 4228 r

1386 4263 1387 4278 l

1386 4281 1387 4290 r

1251 4321 1256 4330 ἱ

1243 4668 1248 4680 ›

1385 4703 1386 4710 r
