2856 4824
143 284 615 412 ,naexAuo-au
649 323 930 400 euvenus.
1004 343 1078 423 27⁷.

98 487 160 564 xit
179 487 281 576 mire,
295 485 443 562 cantavit
461 485 639 560 nobiliter:
655 485 709 566 sed
723 501 893 583 nunquam
908 483 976 559 alio
989 509 1076 586 con·

97 599 203 691 scio,
220 599 281 672 nist
301 599 414 698 puetis
434 599 502 672 suis
521 597 670 672 testibus.
684 594 780 670 Vitas
794 589 1076 690 Principum-158·

98 731 234 780 norum
256 706 403 782 versibus
424 705 558 803 soripfit.
580 707 697 802 Lyra.
714 702 814 792 tibia,
828 729 960 802 organo
986 703 1076 782 ceci·

99 817 178 898 nite
190 818 270 891 tuba
288 817 410 905 etiarn,
431 817 526 916 quod
541 814 676 912 quidem
694 820 881 910 Imperator
898 839 1074 912 nunquam

100 927 265 1002 ostendit.
288 927 437 1001 Palaestes
464 926 590 1021 primus
611 923 703 1013 fuit,
723 923 884 1028 inarmis
904 951 1074 1024 magnus,

98 1040 194 1114 adeo
213 1057 252 1112 ut
267 1039 371 1112 multa
388 1037 498 1125 belia,
515 1039 553 1110 δι
574 1035 720 1134 gloriose
739 1036 881 1132 geiserit.

155 1152 311 1224 XXVllL
322 1150 541 1236 Consulatum
552 1165 603 1221 tet
617 1148 834 1222 iniittantum
846 1148 1072 1243 ordinarium

99 1283 146 1334 ac
164 1260 278 1354 primo
297 1257 453 1332 nundino
475 1256 534 1329 fibi
554 1255 639 1330 alios
657 1256 785 1352 semper
807 1255 944 1338 suffecit.
963 1261 1070 1340 Seve-

100 1369 249 1442 riffimus
261 1368 363 1464 judex
385 1385 505 1444 contra
519 1365 626 1457 futen,
639 1368 812 1464 appellans
833 1368 968 1450 eosdem
982 1400 1071 1471 quo·
1182 1441 1185 1449 .

99 1477 316 1552 tidianorum
334 1477 495 1580 scelerum
512 1499 610 1561 reos,
632 1479 670 1552 bt
694 1479 857 1558 damnans
880 1482 1069 1574 acerrime,
1109 1513 1110 1516 ¹

97 1611 145 1660 ac
179 1587 274 1661 solos·
295 1588 431 1677 hostes,
449 1586 674 1684 inimicosque
697 1587 894 1683 reipublicae
926 1615 1071 1674 vocanst

95 1702 192 1770 Eum
206 1701 399 1789 notarium,
413 1700 475 1797 qui
489 1697 617 1772 falsum'
626 1697 733 1774 causae
746 1699 887 1794 brevem
906 1700 941 1774 in
957 1706 1068 1779 confi·

94 1805 154 1878 lio
171 1807 394 1904 imperatorio
412 1808 592 1894 retuliffet,
606 1807 717 1882 incisis
730 1807 914 1906 digitorum
929 1813 1070 1910 nervis,
1165 1838 1168 1844 ·

96 1911 150 1988 ita
171 1937 208 1988 ut
225 1943 398 2016 nunquam
425 1919 544 2015 posset*
556 1917 725 2006 scribere,
748 1918 956 2014 deportavit.
976 1925 1068 2000 Curn

96 2025 243 2121 quidam
264 2054 307 2104 ex
333 2029 531 2123 honoratis,
552 2028 634 2103 vitae
657 2026 800 2098 sordide
819 2030 858 2101 δι
882 2029 1069 2126 aliquando

96 2131 273 2206 furtorum
291 2159 387 2220 reus,
400 2161 460 2229 per
472 2133 693 2206 ambitionem
710 2131 846 2206 nimiam
857 2135 899 2206 ad
912 2135 1067 2214 militiam

94 2243 287 2342 aspirasset,
302 2245 432 2320 idcirco
443 2243 539 2342 quod
550 2268 618 2340 ·per
635 2267 727 2337 reges
739 2243 869 2320 amicos
882 2247 1064 2339 ambierat,

94 2352 277 2442 admiffus,
294 2353 401 2430 statim
422 2353 457 2426 in
472 2352 581 2442 burto,
594 2351 811 2448 presentibus
826 2353 1066 2448 patronismle·

96 2463 209 2536 aestus
225 2461 292 2554 est,
306 2461 499 2560 juffusquea
516 2461 648 2559 regibus
663 2460 794 2550 audiri,
812 2461 986 2538 damnatus
997 2465 1065 2557 est,

94 2593 138 2640 re
166 2569 491 2664 probantium
516 2575 722 2668 quateretur
747 2593 765 2642 a
793 2569 952 2667 regibus,
978 2575 1065 2670 quit

94 2679 190 2774 apud
207 2704 267 2754 eos
287 2698 481 2777 paterentur
499 2679 609 2770 fures,
627 2680 677 2754 illi
701 2679 970 2776 responderunt,
984 2691 1064 2780 Cruq

94 2817 188 2864 cem:
207 2792 248 2864 ad
263 2796 384 2868 eorum
402 2790 620 2887 responsum,
636 2792 677 2865 in
693 2786 830 2867 erucem
846 2794 990 2873 sublatus
1004 2801 1063 2881 est.

92 2900 145 2974 ita
169 2904 208 2975 δι
230 2903 383 2999 patronis
406 2903 601 2984 nonoribus,
621 2904 797 2996 damnatus
815 2907 967 2982 ¹arrrbitor
989 2913 1062 3006 esta

92 3015 135 3086 δι
169 3012 374 3102 Alexandri,
397 3038 498 3113 quam
528 3013 698 3112 praecipue
729 3017 909 3107 tuebatur,
924 3019 1062 3100 «seruata

92 3120 277 3194 clementia
292 3123 348 3196 est.
360 3125 488 3196 Statuas
500 3123 667 3214 colossas,
688 3127 745 3198 vei
757 3126 921 3221 pedestres
936 3135 1063 3223 nudas,

93 3231 158 3304 vel
186 3231 381 3330 equestres,
411 3233 503 3328 divis
529 3235 790 3328 Imperatoribus
811 3236 852 3312 ‘in
878 3237 958 3315 foro
989 3243 1063 3320 diri

92 3339 242 3430 Nervae,
260 3343 355 3440 quod
379 3341 606 3442 Tranfieoriurn
628 3343 771 3427 dieitur,
783 3343 933 3437 locavit,
949 3352 1061 3424 omni·

92 3449 161 3522 bus
180 3475 257 3522 cum
282 3451 408 3543 titulis,
423 3455 461 3526 δι
479 3452 777 3538 columniemur,
797 3479 873 3552 quae
888 3456 1061 3554 gestorum

92 3560 257 3634 ordinem*
271 3563 507 3649 continerent,
525 3567 684 3662 exemplo
704 3567 867 3665 Augusti,
889 3569 948 3666 qui
974 3572 1061 3646 sum·

93 3695 233 3744 morum
250 3671 403 3746 virorum
420 3673 539 3749 statuas
550 3676 585 3750 in
604 3676 685 3749 foro
697 3677 758 3750 suo
771 3701 790 3750 e
802 3701 971 3782 marmore
987 3683 1061 3757 col·
1148 3771 1152 3782 ,

95 3779 252 3879 locavit,
268 3779 392 3861 additis
409 3783 519 3885 genis.
536 3785 685 3870 Volebat
703 3785 813 3866 uideri
829 3787 1003 3888 originem·
1018 3794 1062 3870 de

606 3997 623 4040 N
