2884 4828
223 343 914 432 COMMODUSANTONINUS.
996 387 1072 438 ,ιιι
1211 357 1215 390 ’

9 509 11 558 ἕ
112 497 192 596 ipsis
210 503 339 578 balneis
359 504 487 582 edebat.
501 510 658 584 Deorum
676 513 800 611 templa
820 517 946 613 polluit
961 519 1081 618 stupris
1139 543 1143 548 ’

9 601 11 610 ’
114 610 153 684 δι
172 611 510 713 humanosanguine.
528 621 678 698 Imitatus
703 624 750 698 est
769 629 807 702 δι
824 629 1021 722 medicum,
1043 658 1081 714 ur

114 716 307 816 sanguinem
330 721 526 800 hominibus
548 731 716 806 emitteret
740 735 878 833 scalpris
906 735 1078 820 feralibus.

113 830 248 906 Menses
259 859 398 933 quoque
412 835 447 910 in
467 839 635 914 bonorem
650 841 722 937 ¹ejus
736 870 801 942 pro
815 849 967 947 Augusto
984 856 1080 924 Conr-

114 943 266 1031 modrun,
290 965 355 1038 pro
366 944 556 1040 Septembri
575 953 740 1026 Herculem
751 979 764 1041 ,·
777 979 843 1048 pro
858 957 1004 1036 Otlobri
1019 967 1080 1032 In·
1190 966 1192 976 '

112 1048 243 1136 nciam,
264 1073 329 1146 pro
349 1029 545 1126 Novembri
571 1061 881 1154 Exsuperatoriurn,
905 1091 970 1163 pro
1001 1067 1080 1140 De·
1187 1119 1190 1124 -
1246 1117 1275 1179 '.

112 1156 241 1230 cembri
254 1165 495 1257 Amazonium,
514 1189 558 1236 err
578 1166 790 1266 fignojpfius
808 1173 1000 1250 adulatores
1015 1203 1078 1252 vo·

109 1265 241 1348 cabant.
271 1274 472 1363 Amazonius
502 1295 612 1348 autem
650 1300 794 1380 vocatus
819 1282 866 1356 eli
891 1309 934 1358 ex
961 1313 1078 1362 amore

9 1421 11 1430 ,
111 1375 315 1450 concubine
335 1376 400 1450 suae
423 1380 585 1488 Marcie,
607 1409 707 1484 quam
719 1389 853 1484 pisiam
871 1391 908 1464 in
930 1398 1079 1469 Amazo-
1148 1400 1168 1415 '⁴

111 1507 153 1558 ne
174 1483 357 1581 diligebat:
371 1504 624 1587 propterquam
643 1496 683 1568 δι
701 1493 769 1591 ipse
786 1499 999 1574 Amazonico
1017 1503 1077 1603 ha·

111 1591 183 1664 bitu
208 1592 243 1664 in
263 1619 402 1668 erenam
426 1598 617 1674 Romanam
637 1605 822 1698 procedere
840 1607 968 1683 voluit.
995 1612 1077 1683 Gla·
1166 1665 1172 1676 .

111 1696 281 1784 diuorum
301 1699 400 1776 etiam
420 1725 589 1780 certamen
603 1709 724 1800 subiit,
743 1713 782 1786 dr
798 1713 937 1790 nentina
951 1707 1076 1815 gladia·

112 1813 378 1909 torum'reeepit
403 1837 455 1887 eo
468 1817 617 1916 gaudio,
639 1822 731 1918 quast
759 1826 928 1924 acciperet
953 1829 1075 1918 trium-¹

112 1919 230 2015 philis.
250 1924 381 1996 Ludum
397 1924 525 2023 semper
538 1927 699 2028 ingressus
713 1931 780 2007 est:
798 1939 857 2025 &,
873 1938 1007 2034 quoties
1020 1939 1075 2012 in-

111 2031 327 2126 grederetur,
347 2034 491 2130 publicis
519 2041 750 2114 monumentis
782 2043 855 2118 indi
882 2044 985 2139 iussn.
1005 2049 1075 2135 ¹Pu·

101 2141 219 2234 'gnesse
232 2161 343 2216 autem
362 2144 484 2221 dicitur
502 2145 741 2246 septingenties
754 2150 868 2224 tricies
881 2153 1075 2250 quinquies.

112 2247 314 2326 Nominatus
343 2252 432 2327 inte-r
471 2254 618 2330 Cesares
650 2277 773 2354 quarto
807 2257 928 2332 Iduum
961 2263 1073 2334 ouo-

112 2355 237 2448 brium,
253 2362 352 2460 (quas
365 2365 548 2441 Herculeas
563 2365 677 2463 pollen
688 2365 903 2467 nominavit)
919 2371 1072 2441 Pruden-

113 2483 143 2538 te
164 2473 201 2546 δι
223 2471 381 2548 Pollione
398 2474 621 2551 Consulibus.
639 2477 825 2572 appellatus
839 2477 1073 2572 Germanicus,
1175 2531 1178 2541 ·

114 2576 219 2652 idibus
233 2580 431 2669 Herculeis,
443 2584 599 2656 Maximo
613 2586 651 2658 &
666 2584 818 2679 Orphito
832 2583 1047 2662 Consulibus.

94 2715 96 2727 =
155 2690 230 2760 Xll.
248 2688 417 2762 Allumtus
437 2691 483 2762 est
502 2692 537 2764 in
554 2694 671 2766 omnia
692 2694 836 2793 collegia
858 2696 1073 2790 sacerdotalia

112 2791 283 2888 sacerdos,
305 2797 543 2884 decimotertio
565 2803 735 2882 Kalendas
758 2805 929 2898 Invidlas,
950 2807 1073 2882 Pisone

113 2905 292 2983 &ltiliano
305 2909 521 2986 Consulibus.
540 2913 711 3011 professus
724 2915 759 2988 in
778 2917 995 2989 Germaniam
1011 2920 1071 2992 de·

9 3069 10 3072 ,
101 3013 322 3118 cimoquatto
342 3022 511 3096 Kalendas
532 3027 657 3116 AElius,
677 3048 713 3099 ut
726 3027 840 3124 postea
853 3029 1070 3124 nominavit,

110 3121 218 3200 iisdem
232 3131 452 3206 Consulibus.
463 3155 582 3230 togam
599 3136 734 3208 virilem
748 3139 897 3232 accepit,
915 3165 991 3212 cum
1010 3164 1072 3236 pa·

111 3251 159 3307 tre
175 3239 361 3336 appellatus
387 3245 595 3336 lmperator,
614 3243 734 3338 quinto
762 3244 932 3318 Kalendas
961 3248 1096 3318 Exsu·¹
1190 3313 1192 3316 .

110 3349 309 3438 peratorias,
329 3351 486 3426 Pollione
513 3353 634 3426 iterum
662 3356 699 3428 δι
727 3357 821 3451 Apro
853 3355 1071 3430 Consulibus.

109 3454 325 3555 triumphavit
347 3461 481 3534 decimo
507 3453 675 3536 Kalendas
700 3461 925 3553 Ammonias,
951 3465 1068 3540 iisdem
1148 3527 1150 3532 .

111 3563 320 3642 Consulibus.
333 3570 455 3670 iterum
473 3571 644 3667 ptofeslus
655 3574 756 3654 tertio
771 3576 889 3646 Nonas
900 3573 1069 3644 Commo.
1133 3601 1135 3606 ⁸

100 3670 197 3767 dias,
214 3680 366 3776 Orphito
381 3685 418 3754 &
434 3681 528 3760 Ruso
540 3681 762 3757 Consulibus.
776 3685 873 3756 datus
891 3685 926 3754 in
948 3707 1067 3780 perpe-

112 3797 198 3860 tuum
218 3790 263 3866 ab
282 3789 432 3868 exercitu
451 3794 487 3868 δι
502 3789 615 3877 senatu
629 3791 665 3884 in
682 3792 788 3867 domo
802 3791 946 3866 Palatina
958 3793 1066 3876 Come
1173 3813 1176 3822 ’
