2856 4824
369 349 442 422 mo
529 323 1187 440 AEutiunnputntt
1302 317 1305 324 ’
1404 261 1405 268 ¹

367 491 478 568 mines
488 489 530 562 ad
544 486 776 562 salutationem
793 511 864 562 non
875 485 1021 561 admisu:
1032 485 1185 586 jussuque
1197 486 1339 587 (quem·
1405 461 1406 546 d

369 602 554 678 admodum
575 599 611 672 in
630 596 803 670 Eleusiniis
822 598 922 672 sacris
941 597 1082 688 dicitur,
1106 625 1142 672 ur
1162 629 1254 672 nemo
1281 603 1336 672 in-

307 775 317 798 ,
368 717 547 812 grediatur,
567 709 632 809 nist
649 712 703 803 qui
719 710 755 800 se
777 711 965 779 innocentem
987 710 1102 803 novit)
1124 733 1183 804 per
1201 735 1336 805 praeco·

368 847 450 894 nem
468 817 578 916 edici,
600 839 635 888 ut
650 809 738 889 nemo
750 816 903 908 sttlutaret
926 821 1127 912 Principem,
1151 824 1205 914 qui
1219 823 1258 913 se
1273 821 1336 910 frt-
1406 891 1407 896 ,

370 959 434 1005 nm
448 926 501 1026 effe
513 925 626 1026 noffet,
639 955 677 1000 rte
689 932 861 1020 aliquando
876 929 1024 1017 dercilus,
1039 935 1169 1023 capitali
1172 932 1337 1022 supplicio
1406 929 1407 934 ¹

363 1043 555 1138 subderetur.
572 1034 641 1132 lpse
656 1036 789 1108 adorari
804 1036 835 1109 se
856 1036 989 1125 vetuit,
1004 1063 1079 1109 cum
1098 1036 1164 1131 jam
1183 1039 1338 1135 coepiffet

371 1147 611 1246 Heliogabalus
637 1147 770 1220 adorari
793 1173 907 1244 regum
933 1173 1029 1220 more
1055 1149 1232 1222 Persarum.
1255 1153 1338 1221 Erat

371 1277 535 1356 praeterea
553 1257 624 1330 haec
646 1255 736 1328 illius
757 1256 938 1348 sententia,
962 1265 1055 1332 Salas
1082 1261 1170 1349 fures
1193 1266 1229 1331 de
1242 1289 1335 1353 pau·
1407 1289 1408 1306 2

370 1391 487 1464 pertore
513 1369 674 1460 conqueri,
697 1371 770 1438 dum
793 1375 904 1439 uolunt
916 1369 1033 1460 scelera
1055 1376 1124 1441 uiro
1138 1371 1208 1462 suo
1230 1394 1338 1463 tegere.

372 1482 466 1554 Idem
478 1479 619 1552 addebat
630 1475 825 1551 sententiam
840 1477 1221 1565 deformandam&
1235 1481 1337 1550 Grae·

373 1592 585 1688 ecquidem,
607 1615 684 1688 quae
707 1589 825 1664 Latine
848 1589 915 1663 hoc
941 1589 1120 1688 significat,
1141 1591 1209 1684 Qui
1232 1595 1335 1660 multa
1408 1620 1409 1668 ς

374 1707 528 1796 rapuerit,
546 1731 652 1795 pauca
668 1699 936 1800 fieffiagatoribus
967 1695 1101 1792 dederit,
1113 1705 1232 1796 saluus
1261 1701 1336 1771 erit.-

374 1817 585 1912 qumGraece
603 1813 676 1884 talis
689 1815 751 1884 est:

417 1925 454 1988 ¹0
472 1924 570 1989 πολλὰ
589 1927 723 2003 κλέψας,
742 1923 832 2004 ὀλίγα
850 1926 930 2001 δοὺς,
946 1925 1122 2012 ἐκφεύξεται.

421 2035 518 2108 ΧΙΧ.
534 2030 728 2107 Prafedum
747 2036 895 2130 praetorii
918 2036 977 2109 fibi
999 2063 1040 2109 ex
1060 2039 1198 2108 Senatus
1216 2033 1336 2106 anuo·
1409 2025 1410 2058 ¹

375 2145 473 2222 ritate
492 2145 676 2220 constituit.
694 2143 891 2218 Praefedum
911 2145 1012 2222 Urbis
1026 2173 1044 2220 a
1058 2151 1180 2220 Senatu
1191 2145 1337 2241 accepit.

292 2291 296 2298 *
374 2257 513 2329 aiterum
534 2251 729 2326 Praefettum
754 2255 903 2350 praetorii
927 2253 1028 2347 fecit,
1049 2256 1127 2351 qui,
1153 2280 1193 2327 ne
1222 2252 1337 2342 fieret,

375 2367 475 2438 etiam
487 2355 629 2462 fugerat,
641 2361 769 2450 dicens,
778 2365 913 2454 Invitos,
922 2393 987 2436 nort
996 2369 1162 2436 ambientes
1171 2368 1206 2434 ire
1219 2389 1337 2456 rempu-

375 2479 489 2548 blicam
502 2479 708 2546 collocartdos.
717 2473 912 2546 Senatorem
923 2499 1092 2569 nunquam
1101 2474 1169 2544 fine
1180 2470 1336 2545 omnium

375 2585 602 2671 Senatorum,
617 2582 678 2680 qui
693 2586 851 2670 aderant,
872 2585 1016 2658 consilio
1039 2584 1139 2673 fecit,
1153 2583 1198 2654 ita
1222 2602 1260 2654 ut
1279 2604 1337 2676 per

377 2691 555 2764 sententias
582 2689 736 2763 omnium
761 2695 947 2782 crearetur,
971 2691 1162 2766 testimonia
1187 2689 1335 2764 dicerent

376 2800 498 2874 summi
520 2799 607 2885 viri;
623 2824 662 2873 ac
683 2799 911 2874 nfefeltissent
932 2803 989 2875 vel
1009 2802 1127 2891 testes,
1143 2800 1198 2874 vel
1221 2799 1263 2888 ii,
1278 2795 1336 2894 qui

376 2910 556 2984 sententias
579 2911 757 3000 dicebant,
780 2911 894 3008 postea
915 2914 949 2986 in
976 2915 1130 2987 ultimum
1158 2909 1336 3003 rejiceren-

260 3102 264 3112 ,
376 3039 433 3092 tur
448 3021 562 3093 locum
586 3021 736 3111 civium,
750 3024 1035 3098 condemnatione
1059 3023 1206 3096 adhibita
1219 3074 1231 3109 ,
1246 3017 1335 3116 quasi

378 3127 450 3200 falfi
470 3129 735 3224 reiapprobati,
760 3131 827 3203 sme
849 3132 949 3220 ullius
967 3131 1184 3230 indulgentiae
1206 3151 1337 3226 propo·

376 3237 453 3311 fito.
473 3239 562 3311 idem
579 3241 756 3314 Senatores
780 3241 912 3314 nonnisi
932 3243 972 3314 ad
993 3242 1197 3315 summorum
1215 3239 1249 3311 in
1270 3239 1337 3322 Pa·

344 3407 347 3418 .
377 3348 462 3421 latio
478 3347 633 3419 virorum
649 3348 837 3445 suffragium
856 3349 956 3440 fecit,
975 3352 1106 3440 dicens,
1125 3380 1274 3447 magnum
1289 3353 1336 3420 ri·

378 3483 446 3528 rum
463 3453 515 3554 effe
532 3479 684 3550 oportere,
701 3461 760 3552 qui
775 3458 893 3547 faceret
911 3465 1100 3532 Senatorem.
1119 3461 1209 3532 Idem
1235 3458 1338 3529 liber·

376 3569 470 3641 ‘tinos
491 3595 662 3666 nunquam
682 3568 716 3639 in
740 3557 922 3666 equestrem
949 3571 1065 3642 iocum
1087 3569 1238 3665 redegit,
1255 3565 1338 3638 affe-'r

378 3703 456 3754 tens
466 3733 476 3765 ‚
483 3681 690 3771 seminarium
703 3689 888 3754 Senatorum
901 3683 1054 3784 equestrem
1068 3688 1170 3752 locum
1184 3676 1264 3779 effe

429 3789 512 3866 XX.
525 3789 776 3866 Moderationis
793 3809 894 3864 tante
915 3788 978 3865 fuit
989 3843 1001 3880 ,
1014 3810 1050 3864 ut
1070 3802 1173 3865 nemo
1189 3810 1335 3887 unquam
