2932 4824
390 310 459 383 nt
584 307 740 403 tutu
773 303 1148 378 cttttottttt

388 493 447 568 ges
457 465 826 554 videriCommodi,&
839 464 1025 551 Caracalli,
1037 466 1076 537 δι
1091 463 1275 538 homiuum
1286 465 1349 540 im·

387 580 576 678 petitorum
598 579 813 667 voluntates,
834 601 910 652 eum
926 574 1095 667 Traianus
1115 599 1292 673 nunquam
1311 577 1347 650 li·
1437 569 1445 664 l

388 690 486 764 bellis
504 689 736 786 responderit,
750 714 792 762 ne
808 689 851 761 ad
876 688 957 761 alias
980 687 1094 760 causat
1111 687 1195 760 falla
1209 687 1348 784 praefer·
1443 771 1445 794 ¹

388 817 525 889 rentur,
544 825 620 897 quae
644 797 687 872 ad
709 799 847 896 gratiam
868 796 1056 892 composita
1079 795 1286 874 viderentur.
1309 799 1347 868 ln

388 907 535 982 annonis
556 907 743 980 tribuendis
763 906 962 1004 iargiffimus
983 903 1074 978 fuit:
1100 903 1137 976 in
1158 929 1245 978 auro
1271 929 1347 1000 par·

388 1016 545 1090 ciffimus.
562 1019 601 1090 ln
616 1016 805 1092 vernaculis
823 1017 880 1090 vel
902 1014 1019 1088 aulicis
1034 1031 1101 1088 tam
1120 1011 1264 1109 impius,
1279 1033 1345 1084 tam

388 1127 564 1222 pertinax,
580 1148 647 1202 tarn
664 1128 777 1226 asper,
794 1144 832 1200 ut
849 1127 935 1201 servi
950 1125 1045 1218 illum
1065 1123 1114 1195 sui
1135 1147 1204 1195 non
1218 1123 1345 1194 Macri·

388 1261 470 1309 num
484 1237 654 1327 dicerent,¹
672 1238 728 1311 sed
740 1243 964 1325 marcilium,
984 1233 1079 1331 quod
1093 1230 1221 1306 macelli
1236 1229 1347 1326 specie

387 1345 509 1420 domus
523 1345 593 1441 ejus
604 1364 835 1422 cruentaretur
851 1345 1011 1446 sanguine
1026 1343 1251 1420 vernularum.
1264 1343 1346 1416 Vini

388 1453 523 1552 cibique
540 1456 769 1548 avidiffimus,
792 1481 1040 1554 nonnunquam
1060 1454 1165 1551 usque
1180 1454 1223 1524 ad
1235 1453 1345 1526 ebrie·
1443 1485 1445 1540 g

387 1580 514 1635 tatem:
535 1562 591 1637 sed
613 1564 812 1661 vespertinis
828 1563 935 1637 horis.
957 1587 1031 1635 nam
1052 1560 1273 1656 siptandiffe't
1291 1560 1346 1634 vel

387 1670 549 1765 privatim
567 1671 792 1769 patciffimus,
809 1672 846 1746 in
872 1697 971 1746 coena
999 1669 1215 1744 effustllimus.
1239 1669 1346 1744 Adhi-

386 1779 461 1852 buit
479 1781 649 1856 conviuio
666 1783 839 1874 literatos,
859 1802 897 1856 ut
910 1782 1053 1880 loquens
1066 1781 1108 1856 de
1130 1780 1246 1855 lludiis
1263 1781 1345 1854 libe·

387 1884 512 1959 ralibus
530 1889 712 1963 neceffario
733 1891 922 1965 abstineret.

434 1997 531 2070 XIV:
545 1999 609 2070 Sed
625 2023 701 2074 cum
719 1999 791 2093 eins
810 2001 975 2076 vilitatem
995 1999 1150 2076 homines
1171 1999 1344 2098 antiquam

313 2170 316 2178 .
384 2108 597 2206 cogitarent,
619 2111 851 2210 crudelitatem
874 2113 1012 2186 nimiam
1033 2113 1212 2199 viderent,
1230 2113 1345 2186 homi·

387 2243 464 2292 nem
484 2221 674 2317 putidulum
699 2223 736 2297 in
759 2221 903 2320 imperio
929 2223 1015 2301 serre
1036 2246 1109 2294 non
1131 2222 1283 2317 polient,
1309 2227 1346 2300 δι

386 2327 532 2402 maxime
550 2331 695 2422 milites,
709 2331 769 2430 qui
787 2331 894 2405 multa
912 2329 983 2426 ejus
1006 2331 1228 2404 meminerant
1247 2331 1345 2404 fune·

386 2439 541 2530 ssiffima,
558 2443 599 2516 ὅτ
613 2442 798 2542 aliquando
816 2443 1017 2540 turpilium,
1035 2441 1119 2516 inita
1136 2442 1284 2516 fallione
1303 2445 1345 2516 il·

387 2547 456 2622 lum
477 2550 677 2626 occiderunt
694 2577 771 2628 cum
795 2577 902 2650 puero
923 2550 984 2626 suo
1004 2551 1220 2626 Diadumeno
1228 2551 1346 2638 ,scili-

359 2719 362 2724 .
386 2678 441 2732 cet
461 2660 641 2734 Antonino
659 2661 936 2767 cognomine,‹le
948 2685 1021 2758 quo
1031 2657 1155 2733 dietum
1170 2659 1237 2750 est,
1250 2661 1345 2758 quod

386 2765 422 2840 in
444 2766 568 2864 somnis
593 2772 791 2846 Antoninus
824 2771 945 2860 fuillet.
973 2772 1073 2846 Unde
1098 2771 1200 2863 etiam
1229 2773 1345 2849 versus

381 2874 513 2950 exstant
536 2875 755 2972 hujusmodi:
877 2895 879 2899 ’
1441 2909 1442 2912 ’

435 2986 584 3058 Vidimus
604 2988 641 3058 in
651 2989 778 3082 somnis
791 2991 872 3062 cives
886 2987 977 3089 (nzfi
984 2985 1116 3088 fallor)
1138 2987 1298 3093 &istudt
1440 2997 1441 3044 ³

430 3096 670 3168 Antoninorum
690 3126 803 3171 nomen
817 3114 895 3195 puer
910 3105 962 3172 ille
982 3095 1128 3196 gerebat,
1338 3117 1342 3127 '

341 3287 343 3292 Ι
434 3205 504 3298 Qui
520 3232 610 3300 patre
632 3216 738 3283 venali
749 3215 890 3308 genitus,
905 3213 970 3306 sed
987 3236 1085 3285 marre
1099 3215 1244 3306 pudica:

360 3412 362 3418 Ι
434 3319 562 3388 Centum
580 3347 657 3422 num
677 3327 810 3395 moeclros
826 3320 918 3422 paffa
935 3324 1306 3426 estcenrumqurrogavit.

432 3427 502 3519 Ipse
523 3433 617 3502 etiam
639 3441 747 3504 calvus
765 3437 900 3505 mucius
910 3433 1001 3524 suit,
1015 3436 1087 3506 inde
1111 3437 1272 3505 maritus:

432 3539 489 3605 En
511 3538 613 3628 Pius,
627 3567 664 3610 en
682 3545 832 3614 Marcus:
855 3536 952 3612 Verus
970 3569 1047 3612 nam
1064 3569 1129 3613 non
1143 3542 1215 3632 fuir
1230 3545 1294 3614 ille·
1437 3571 1438 3616 l

322 3695 341 3708 s
382 3643 426 3712 Et
438 3641 490 3714 isti
510 3645 627 3719 versus
647 3671 689 3720 ex
703 3652 829 3722 Graeco
847 3649 995 3722 translati
1014 3650 1090 3724 sunt
1108 3652 1143 3722 in
1164 3649 1339 3721 Latinum:

254 3790 259 3804 ·
351 3813 354 3818 .
382 3773 461 3824 nam
484 3751 604 3912 Glrm
623 3754 698 3831 sunt
717 3755 922 3834 disertiffimi.
943 3757 1102 3835 videntur
1122 3776 1236 3833 autem
1260 3754 1342 3830 milti
