2884 4828
385 339 429 432 78
572 335 733 416 tuum
770 337 1154 413 cuurrorrur

384 498 508 574 Lucius
532 499 638 572 AElius
653 501 785 584 Verus,
805 496 865 594 qui
885 498 928 570 ab
952 498 1124 574 Hadriano
1145 485 1344 596 adoptatus,

385 612 512 709 primus
529 613 631 706 Cesar
648 610 695 681 est
716 608 892 701 dicim&
912 608 946 682 in
965 612 1079 684 eadem
1101 611 1239 685 statione
1262 638 1347 687 con·

386 718 516 792 llitutus
534 716 644 813 periit.
663 715 732 789 Avi
747 741 786 789 ac
807 713 946 812 proavi,
961 718 999 791 dc
1018 715 1097 790 item
1114 717 1258 814 majores
1271 719 1345 816 plu·

308 855 323 880 ν
385 827 484 915 rimi,
499 823 837 899 Consulares.''·Natus
850 824 895 896 ell
910 823 1030 897 Lucius
1045 827 1186 917 Roma,
1207 825 1241 896 in
1257 851 1346 922 prae·
1429 871 1430 874 =

371 924 458 1007 ‘tura
477 935 579 1031 patris
600 934 670 1026 sui,
688 933 821 1008 decimo
836 936 958 1006 odar'o
977 934 1145 1010 Kalendas
1160 936 1348 1026 lanuarias,

314 1110 317 1118 ,
387 1044 539 1142 die‚quo
554 1041 701 1118 &Nero
715 1099 726 1134 ,
738 1044 796 1141 qui
811 1067 920 1117 rerum
937 1041 1066 1138 potitus
1076 1043 1133 1117 est.
1146 1043 1258 1141 Origo
1275 1041 1347 1136 ejus

386 1172 522 1250 paterna
545 1149 706 1251 pleraque
727 1177 769 1225 ex
786 1151 920 1224 Etruria
940 1149 1025 1244 fuit,
1049 1171 1196 1226 materna
1214 1177 1257 1225 ex
1286 1155 1346 1224 Fa·

387 1279 512 1336 venna.
1253 1303 1255 1308 ’

452 1374 491 1447 ll.
523 1373 597 1446 Hac
621 1370 775 1469 prosapia
804 1369 960 1470 genitus,
984 1390 1078 1468 patre
1103 1371 1146 1444 ab
1174 1371 1345 1444 Hadriano

388 1482 572 1577 adoptato,
588 1482 621 1552 in
645 1481 805 1555 familiam
828 1481 948 1553 AEliam
965 1481 1125 1571 devenit,
1140 1502 1347 1580 mortuoque

332 1595 334 1602 “
389 1611 480 1686 patre
501 1590 654 1687 Celare,
670 1590 705 1662 in
728 1589 888 1660 Hadriani
911 1588 1038 1662 familia
1055 1591 1220 1664 remansit.
1242 1618 1347 1689 aquo

391 1700 530 1773 Aurelio
554 1700 648 1772 datus
667 1699 715 1798 est
737 1700 969 1795 adoptandus,
986 1724 1062 1773 cum
1088 1700 1147 1774 srbi
1174 1701 1229 1773 ille
1252 1702 1348 1774 Pium
1431 1755 1432 1786 3

390 1809 514 1900 lilium,
530 1813 681 1884 Marcum
701 1827 882 1906 nepotem,
894 1809 958 1884 elle
974 1811 1149 1902 voluillet‚
1164 1811 1348 1908 posteritati

391 1918 466 1993 satis
487 1919 697 2016 providens:
717 1920 754 1993 δι
775 1945 813 1992 ea
835 1920 971 2018 quidem
994 1921 1090 2018 lege,
1115 1941 1152 1994 ut
1173 1919 1277 1994 filiam
1300 1923 1349 1995 Pii

391 2031 500 2104 Verus
517 2028 702 2124 acciperet,
722 2055 800 2127 quae
819 2030 891 2104 data
909 2031 955 2104 est
971 2034 1088 2104 Marco
1103 2031 1257 2120 idcirco,
1273 2037 1350 2130 quia

163 2149 173 2184 ⁴
284 2227 286 2230 Ι
390 2140 446 2213 hic
457 2139 578 2212 adhoc
594 2138 704 2234 impar
721 2141 898 2214 videbatur
916 2159 1031 2230 atate,
1046 2162 1084 2213 ut
1102 2141 1138 2212 in
1158 2141 1265 2214 Marci
1282 2142 1350 2216 vita

390 2246 617 2344 exposuimus.
643 2248 756 2322 Duxit
779 2270 889 2324 autem
919 2273 1088 2339 uxorem,
1113 2249 1224 2324 Marci
1249 2247 1366 2344 filiam

391 2359 564 2434 Lucillam.
584 2361 756 2433 Educatus
778 2359 825 2432 est
844 2361 879 2431 in
903 2361 1010 2432 domo
1028 2361 1219 2433 Tiberiana.
1244 2360 1351 2434 Audi·

392 2468 445 2558 vit
465 2471 653 2559 Scaurum,
678 2467 931 2566 grammaticum
953 2469 1136 2556 Latinum,
1161 2467 1284 2542 scauri
1311 2467 1350 2540 fi.-
1432 2535 1433 2544 .

393 2575 498 2666 lium,
516 2577 575 2676 qui
601 2575 850 2648 Grammaticus
876 2573 1039 2646 Hadriani
1068 2573 1157 2646 fuit:
1182 2577 1349 2664 Graecos,
1432 2631 1433 2638 .

393 2665 602 2781 Telepllum,
622 2683 919 2785 Hephaestiopem‚
933 2683 1237 2780 Harpocrationem
1251 2712 1260 2757 ε
1275 2685 1350 2758 rhe-

307 2845 309 2850 -
394 2812 506 2884 tores,
524 2795 768 2890 Apollonium,
791 2795 946 2867 Celerem
964 2795 1169 2882 Caninium,
1182 2791 1351 2866 Herodem

396 2903 545 2978 Atticum
558 2931 569 2978 t
580 2903 758 2994 Latinum,
775 2903 972 2979 Cornelium
994 2907 1201 2976 Frontonem
1214 2927 1223 2974 t
1236 2903 1350 3000 philo·

366 3012 546 3108 lophos,
572 3013 796 3112 Apollonium
813 3013 852 3086 δι
873 3013 1020 3086 Sextum.
1038 3013 1101 3084 hos
1125 3036 1243 3086 omnes
1264 3037 1350 3084 ama·

269 3125 271 3130 ’
356 3139 360 3144 ’
396 3124 448 3199 vit
473 3124 598 3215 unice,
619 3145 718 3223 atque
736 3126 780 3199 ab
798 3125 849 3198 his
873 3124 1023 3199 invicem
1042 3123 1181 3197 diludus
1204 3121 1272 3209 est;
1290 3145 1351 3194 nec

396 3252 509 3307 tameo
529 3233 723 3331 ingeniosus
742 3235 786 3308 ad
800 3233 921 3308 literas.
939 3233 1079 3306 Amavit
1094 3251 1204 3305 autem
1222 3229 1259 3302 in
1273 3237 1352 3326 pue·
1386 3280 1389 3289 ι

398 3341 474 3418 titia
491 3345 606 3418 versus
624 3345 754 3421 facere:
771 3345 868 3442 post,
885 3345 1069 3419 orationes.
1088 3346 1126 3418 δι
1145 3340 1267 3416 melior
1279 3340 1353 3436 qui·

286 3515 290 3522 .
398 3454 475 3578 derp
492 3465 611 3528 orator
628 3456 722 3529 fuille
736 3455 860 3546 dicitur
869 3507 881 3545 ,
898 3480 996 3552 quam
1012 3471 1138 3550 poeta:
1158 3452 1266 3524 immo
1282 3448 1353 3548 (ut

400 3587 515 3636 verius
536 3561 672 3661 dicam)
697 3561 794 3660 pejor
810 3581 933 3660 poeta,
946 3587 1046 3660 quam
1066 3562 1194 3632 rhetor.
1219 3581 1284 3632 trec
1300 3557 1352 3630 de·
1432 3557 1433 3562 ’

400 3671 494 3763 sunt,
506 3671 564 3772 qui
585 3674 717 3764 dicant,
736 3697 812 3746 eum
832 3671 925 3748 fuille
946 3671 1097 3766 adjutum
1116 3667 1255 3766 ingenio
1268 3668 1351 3740 ami·

401 3805 545 3880 corum,
568 3802 668 3888 atque
683 3784 726 3857 ab
743 3783 816 3858 aliis
833 3784 864 3858 ei
887 3783 969 3876 illa,
988 3782 1233 3884 qualiacumque
1253 3779 1353 3871 sunt,
1431 3813 1433 3886 ᾗ
