2884 4828
348 379 421 459 '130
540 301 1148 460 ruarrca‘aitoitur

348 511 401 600 ras
428 515 615 596 exerc'uerit
637 525 826 617 Imperator
856 543 914 616 per
935 521 1096 596 homines
1115 523 1210 614 suos,
1237 547 1309 598 non

333 637 464 721 aliter,
483 635 585 730 quarn
607 633 758 730 privatus
784 633 920 706 solebat.
945 647 1008 708 nec
1032 634 1173 708 rnulturn
1198 653 1312 710 tamen
1351 650 1357 660 “

348 765 475 819 amatus
493 743 547 817 esl.
563 742 734 839 Siquidem
748 742 955 842 omnes„qui
968 743 1071 815 libere
1085 743 1208 816 fabulas
1225 767 1310 816 con·

162 946 166 955 Ι
301 861 304 866 ⁴
347 833 517 944 seiebant,
544 854 629 925 rnale
652 853 860 926 Pertinacem
885 851 1130 950 loquebantur,
1152 855 1309 955 chrestolo-

342 995 419 1066 gum
439 990 514 1036 eunt
534 962 756 1059 appellantes,
770 961 829 1059 qui
849 963 933 1035 bene
950 963 1165 1059 loqueretur,
1178 964 1217 1036 δι
1236 988 1310 1033 ma·

346 1077 380 1147 le
398 1073 535 1150 faceret.
563 1075 649 1146 Nam
668 1072 706 1145 dt
727 1070 822 1146 cives
845 1067 916 1160 sui,
936 1072 993 1168 qui
1013 1072 1055 1144 ad
1075 1095 1151 1145 eum
1174 1071 1310 1145 co'nflu·

346 1205 466 1257 nerant
481 1181 547 1278 jam
562 1185 823 1272 Imperatorem„
836 1183 874 1254 δι
888 1179 971 1251 nihil
986 1179 1027 1252 de
1039 1205 1082 1252 eo
1097 1201 1308 1271 meruerant,

271 1311 274 1318 ·
345 1291 485 1364 siceum
504 1287 889 1386 appellabant.·Munera
909 1313 1045 1384 quoque
1061 1286 1147 1361 lueri
1169 1289 1310 1364 libidine

187 1415 192 1422 “
343 1399 490 1472 libenter
517 1396 658 1493 accepit.
690 1394 839 1490 Reliquit
864 1393 970 1467 filium
995 1397 1033 1468 δε
1062 1392 1165 1466 filiam
1193 1395 1308 1491 supet·

344 1507 454 1595 ilites,
473 1510 510 1580 dt
530 1529 699 1588 uxorem,
719 1502 825 1575 Flavii
846 1501 1025 1596 Sulpiciani
1053 1501 1175 1592 filiam,
1206 1529 1306 1600 quem

345 1614 542 1688 Praeseslunr
558 1611 644 1685 Urbi
665 1610 748 1682 loco
768 1609 829 1682 suo
847 1608 982 1684 fecerat.
994 1612 1094 1685 Circa
1111 1613 1230 1687 uxoria
1243 1639 1309 1708 pu·

344 1727 495 1800 dicitiant
515 1721 626 1794 minus
645 1719 795 1793 curiosus
814 1719 894 1805 sitit,
913 1719 994 1792 cuni
1011 1722 1121 1814 palam
1145 1723 1306 1796 citharoe-

345 1839 425 1910 dum
447 1837 505 1908 illa
526 1832 696 1931 diligerere
721 1829 788 1926 ipse
812 1849 970 1925 praeteree
993 1830 1190 1905 Cornificiae
1217 1833 1308 1905 infa-
1338 1819 1341 1826 ⁵

320 2033 327 2044 ,
345 1939 803 2020 millimedicituradhaeliffe.
815 1941 971 2014 Libertos
983 1941 1113 2024 aulicos
1126 1944 1307 2016 vehemen-

245 2096 247 2100 ’
344 2056 464 2132 tissime
476 2051 685 2152 compressit:
697 2052 785 2126 unde
799 2053 923 2152 grande
936 2077 1076 2152 quoque
1089 2054 1204 2130 odium
1220 2079 1307 2128 con·

345 2187 458 2246 tfflxlt·
1275 2221 1279 2228 ,

392 2281 489 2354 XIV.
508 2277 607 2376 Signa
626 2275 779 2348 interitus
796 2275 869 2347 haee
890 2273 1035 2348 suerunt.
1056 2271 1128 2371 lpse
1144 2297 1222 2350 ante
1243 2277 1305 2348 tri·

346 2392 469 2474 duum,
491 2413 592 2483 quam
615 2387 898 2478 occideretur,·in
923 2387 1046 2483 piscina
1068 2384 1125 2459 fibi
1150 2389 1239 2462 visus
1259 2391 1305 2464 eli

344 2497 462 2572 videre
473 2495 646 2568 hominem
664 2519 740 2568 cum
756 2493 867 2590 gladio
886 2495 1106 2566 infestantem.
1121 2499 1162 2566 Et
1174 2521 1211 2568 ea
1226 2498 1303 2585 die,

346 2633 412 2707 qua
435 2605 567 2707 occisus
591 2605 657 2692 eu,
685 2605 849 2701 negabant
870 2603 904 2677 in
930 2605 1041 2677 oculis
1062 2599 1137 2697 e'pis
1163 2606 1304 2702 pupillas
1430 2597 1431 2601 ¹

346 2743 424 2790 cum
444 2714 763 2812 imaginibus‚quas
785 2715 928 2786 reddunt
950 2713 1191 2809 spellantibus,
1206 2713 1303 2792 visas.

346 2829 389 2898 Et
410 2849 484 2898 cum
505 2825 591 2918 apud
617 2828 715 2898 Lares
737 2817 1138 2914 sacrificaret‚'carbones
1158 2827 1304 2902 vivacis·

347 2933 420 3010 simi
438 2931 587 3004 exstinsli
602 2930 696 3020 sunt,
709 2957 786 3006 cunr
802 2933 1001 3006 inflammari
1018 2935 1163 3012 soleant:
1183 2937 1242 3022 dt,
1266 2953 1304 3010 ut
1426 2925 1427 2930 ἵ

347 3043 445 3136 supra
466 3035 588 3112 diuum
610 3040 674 3126 ell,
697 3065 758 3124 cor
779 3043 817 3114 δι
840 3061 940 3136 caput
967 3043 1001 3112 in
1024 3043 1140 3116 hosliis
1162 3045 1303 3115 non-est

346 3168 524 3246 repertum.
546 3149 779 3222 Stellae'etiani
803 3149 898 3243 juxta
924 3141 1026 3224 solerii
1053 3176 1111 3247 per
1125 3152 1219 3222 dienr
1249 3152 1301 3224 vi·

345 3260 388 3332 sae
404 3258 477 3329 sunt
499 3257 704 3346 clarissim,
718 3280 793 3330 ante
813 3260 900 3332 diem
915 3283 1014 3356 quam
1035 3261 1155 3330 obiret.
1171 3262 1212 3330 Et
1233 3261 1302 3355 ipse

238 3375 254 3382 ’“
344 3393 449 3441 omen
475 3367 515 3436 de
541 3365 673 3440 stiliano
700 3367 882 3440 successore
916 3369 1036 3441 dedisse
1065 3370 1196 3442 dicitur.
1223 3394 1301 3446 natu
1421 3415 1422 3456 i

346 3476 464 3551 erranei
484 3476 605 3548 Didius
625 3475 771 3547 Julianus
792 3473 900 3546 fratris
920 3474 1025 3548 filiurn
1046 3477 1233 3566 obtulisset,
1246 3479 1301 3550 cui

344 3585 571 3682 despondebat
597 3583 697 3656 filiam
721 3584 834 3680 suani,
858 3586 1052 3660 adhortatus
1078 3586 1235 3679 juvenem
1262 3589 1302 3659 ad
1361 3659 1362 3664 ,
1418 3653 1419 3662 ,

284 3777 287 3784 ¹
346 3697 454 3790 patrui
475 3694 769 3777 observationem,
784 3695 922 3786 adiecit,
949 3699 1086 3791 Observa
1108 3695 1301 3792 collegam&

338 3803 529 3904 succrfforrm
545 3828 662 3890 meum:
681 3813 756 3878 dam
777 3825 853 3882 ante
874 3805 1068 3884 lulianusei
1091 3808 1129 3879 δι
1150 3807 1187 3902 in
1204 3807 1302 3877 Con·
