2782 4814
142 427 146 435 ¹
343 317 838 427 ueneramus
1014 385 1058 456 23
1167 363 1168 368 ‘

108 518 177 569 ram
197 498 362 584 exercitus
385 501 542 597 nimiam,
562 511 706 584 multum
728 531 855 613 amatus
879 515 947 604 esi,
964 517 1060 590 fimus

107 606 199 698 quod
218 607 254 680 in
275 633 341 688 eos,
353 614 591 692 liberalissimus
610 617 687 696 fuit.
708 623 847 697 Parthos
861 624 897 697 in
914 627 1060 701 amicitia

106 711 232 806 semper
258 717 399 806 habuit;
422 727 516 821 quod
541 727 620 800 inde
641 755 751 826 regem
773 733 936 823 retraxit,
959 761 1060 836 quem

105 819 267 915 Traianus
286 827 498 925 imposuerat.
522 839 690 914 Armeniis
706 866 816 937 regern
836 845 955 918 habere
981 869 1059 940 per·

105 927 212 1030 misit,
226 959 304 1008 cum
326 937 385 1011 sub
400 941 549 1035 'stajano
563 943 708 1042 legatum
725 949 922 1023 habuissent.
936 959 965 1024 Α
987 956 1059 1025 Me·

108 1035 300 1132 soporamiis
314 1051 508 1150 nonexegit
516 1053 693 1144 tributum,
709 1059 804 1152 quod
819 1058 982 1152 Traianus
995 1063 1059 1134 int·

107 1145 226 1238 posuit.
253 1151 403 1228 Albanos
433 1161 643 1236 &Hiberos
671 1164 883 1239 amiciffimos
908 1167 1058 1258 habuit,

45 1263 47 1271 ⁴
105 1256 198 1349 quod
228 1283 319 1355 reges
347 1288 466 1340 eorum
496 1269 731 1368 largitionibus
760 1276 954 1368 prosecutus
984 1277 1059 1367 est,
1116 1373 1117 1378 ἵ

5 1413 7 1464 l
104 1387 181 1436 cum
209 1368 251 1440 ad
267 1369 361 1444 illurn
378 1377 493 1450 venire
512 1381 765 1454 contemsislent.
789 1385 898 1481 Reges
916 1385 1058 1458 Radria-

5 1467 6 1492 ¹
103 1495 249 1562 norum,
266 1477 395 1576 legatos
407 1470 559 1582 adeum,
575 1491 732 1564 amicitia.
755 1495 907 1588 petenda
932 1495 1056 1586 causa,

103 1575 267 1674 supplices
286 1590 460 1668 miserunt.

149 1691 262 1764 xxu.
285 1696 434 1776 Tutores
451 1703 622 1802 saepissime
640 1713 739 1788 dedit.
765 1714 987 1811 Disciplinam
1008 1717 1055 1790 ci·

104 1795 204 1872 vilem
218 1827 289 1880 uon
300 1795 402 1886 'aliter
415 1819 541 1908 tenuit,
557 1847 658 1922 quarn
677 1826 865 1899 militarem.
876 1827 1057 1902 Senatores

105 1905 141 1977 δι
156 1910 284 2007 equites
296 1917 472 1998 Romanos
491 1925 620 2026 semper
639 1933 674 2004 in
690 1933 827 2028 publico
842 1953 977 2032 togatos
991 1935 1056 2009 effe

5 2035 7 2108 ξ
103 2011 315 2114 juffit2nisrsr
329 2054 456 2108 acoeua
467 2059 726 2125 reverterentur.
746 2044 924 2140 lpse,cum
936 2045 972 2116 in
985 2047 1061 2117 na.-

105 2127 144 2198 lia
164 2129 265 2222 esset,
287 2136 414 2234 semper
433 2162 568 2244 togatus
588 2153 755 2244 processit.
771 2155 825 2228 Ad
849 2153 1053 2228 convivium

5 2279 7 2290 ι
102 2241 273 2318 venientes
295 2247 463 2329 senatores
487 2258 571 2334 stans
592 2262 754 2357 excepit:
775 2263 971 2361 semperque
996 2283 1054 2338 aut

101 2351 204 2444 pallio
216 2359 322 2434 teum
344 2363 528 2462 discubuit,
542 2391 599 2445 aut
611 2390 691 2470 toga
713 2373 877 2446 submissa.
900 2372 1059 2444 iudicum

5 2487 6 2516 1
102 2459 225 2538 sumtus
242 2469 435 2566 coustituit,
454 2479 492 2550 δι
513 2479 554 2549 ad
575 2479 748 2575 antiquum
763 2479 902 2551 modum
916 2477 1054 2575 redegit.

5 2635 6 2644 ,
104 2574 261 2650 Vehicula
282 2605 358 2653 cum
386 2585 579 2680 ingentibus
604 2587 741 2660 sarcinis
768 2586 896 2659 Urbem
922 2586 1053 2684 ingredi
1191 2616 1193 2619 ’

5 2723 21 2758 2
102 2688 286 2786 prohibuit.
312 2693 425 2766 Sederi
448 2719 554 2793 equos
576 2698 611 2770 in
641 2696 839 2774 civitatibus
865 2721 937 2770 non
963 2700 1054 2772 srvit.

100 2799 186 2870 Ante
212 2801 369 2874 oslavam
398 2804 517 2899 horam
541 2806 578 2878 in
606 2805 744 2902 publico
773 2807 965 2896 neminem,
991 2809 1052 2882 nisr

99 2931 245 3008 agrame
265 2910 373 2986 lavari
389 2915 495 3008 passus
512 2915 570 2991 esl.
592 2919 647 2989 Ab
661 2916 809 3012 epissolis
832 2921 869 2992 δι
890 2945 910 2990 a
931 2918 1054 2991 libellis
1081 3017 1083 3020 .

5 3031 6 3034 ’
99 3019 224 3113 primus
239 3022 366 3117 equites
383 3026 562 3101 Romanos
581 3028 707 3102 habuit.
725 3030 813 3116 Eos,
828 3053 915 3125 quos
929 3053 1053 3126 paupe·

5 3119 6 3140 .
98 3151 147 3200 res
169 3131 207 3202 δι
226 3130 425 3208 innocentes
445 3136 550 3225 vidit,
563 3136 689 3234 sponte
703 3136 844 3211 ditavit:
860 3163 947 3234 quos
965 3161 1054 3241 uero

5 3237 6 3270 ³
99 3236 278 3323 calliditate
292 3241 434 3332 ditatos,
446 3244 545 3318 etiam
561 3245 649 3320 odio
665 3245 791 3320 babuit.
811 3248 907 3326 Sacra
927 3247 1059 3318 Roma»

5 3333 7 3396 ῗ
86 3363 137 3416 ‘na
150 3345 397 3444 diligentissime
409 3353 566 3426 curavit:
575 3352 751 3451 peregriua
761 3353 950 3428 contemsit.
962 3354 1081 3462 Pons
1117 3409 1134 3420 ..

78 3467 81 3474 ·
100 3451 195 3526 tificis
205 3456 344 3530 maximi
358 3459 508 3534 officium
522 3463 660 3560 peregit.
681 3462 803 3536 Causas
819 3463 939 3539 Romae
953 3481 1055 3557 atque
1142 3557 1144 3562 ,

5 3573 6 3612 ³
99 3563 130 3633 in
145 3567 334 3660 provinciis
353 3567 546 3668 frequenter
565 3572 718 3661 audivit,
732 3571 888 3646 adhibitis
907 3570 1055 3644 confilio

5 3679 6 3682 ’
99 3671 486 3774 suoConsulibusatque
503 3681 729 3768 Praetotibus,
745 3684 782 3755 δι
797 3677 936 3775 optimis
948 3677 1053 3750 Sena·
1149 3745 1151 3758 ‚

5 3813 7 3820 ·
99 3786 238 3862 toribus.
259 3789 425 3864 Fucinum
446 3789 556 3866 lacum
575 3790 700 3866 enrifit.
716 3792 878 3966 antuor
899 3788 1056 3864 consula.

710 3951 744 3996 ·,
800 3920 826 3988 4
