2932 4824
324 340 607 454 'aaronitas
634 377 941 450 clareamus.
1058 401 1119 478 195

164 539 276 616 fodit:
296 515 611 637 cdnclamatumque
628 539 669 610 ab
686 538 845 629 omnibus
858 538 924 626 ell,
938 539 971 612 id
985 542 1126 622 Martia-

106 739 108 744 ·
156 655 232 728 lem'
245 653 367 729 fecisse.
387 657 430 728 Et
445 653 605 754 quoniam
621 650 692 726 Dei
712 651 798 724 Luni
813 649 954 727 fecimus
975 657 1132 728 mentio-

164 788 243 836 nem
256 816 267 852 ,
280 762 468 853 sciendum,
482 760 675 838 douiffimis
688 760 879 858 quibusque
898 760 933 832 id
954 765 1127 839 memoria

164 873 342 964 traditum,
355 896 456 974 atque
475 874 522 948 ita
534 899 625 948 nunc
641 894 780 969 quoque
794 895 813 944 a
828 871 988 945 Carrenis
1007 875 1129 970 praeci·

163 999 230 1084 'pue
244 983 379 1073 haberi,
391 1001 445 1074 ut,
460 984 519 1081 qui
532 987 660 1058 Lunam
673 980 820 1054 femineo
833 983 974 1055 nomine
994 1007 1032 1057 ac
1048 984 1127 1059 seru

165 1095 335 1194 putaverit
346 1093 619 1190 nuncupandam,
632 1092 661 1162 is
673 1091 821 1166 addidlus
835 1093 1031 1168 mulieribus
1044 1094 1127 1171 sem·

163 1229 225 1302 per
244 1201 431 1276 inserviat:
452 1220 593 1272 atvero
613 1196 673 1294 qui
694 1222 818 1273 marem
834 1201 948 1273 Deum
973 1201 1127 1279 effecte.

119 1381 121 1386 ,
164 1310 307 1398 diderit,
322 1309 350 1379 is
372 1307 569 1380 dominetur
588 1306 711 1395 uxori,
731 1330 839 1401 neque
855 1307 937 1380 ullas
949 1311 1129 1386 muliebres
1179 1393 1189 1404 ¹,

165 1413 470 1517 patiatur'infidias.
480 1416 591 1504 Unde,
604 1414 762 1514 quamvis
776 1415 890 1490 Graeei
907 1419 960 1489 vel
973 1420 1128 1516 AEgyptii

149 1543 151 1551 '
169 1549 216 1600 eo
234 1547 376 1623 genere,
396 1519 645 1620 quo'semiuam
666 1523 867 1610 hominem?
885 1526 984 1598 etiam
1000 1531 1127 1602 Lunam

164 1636 278 1710 Deam
298 1633 433 1722 dicant,
447 1632 592 1732 mystice
614 1649 726 1707 tamen
747 1635 862 1708 Deum
880 1634 1006 1710 dicunt.

147 1789 150 1794 ,
181 1746 454 1842 ,‘V111.Sci0de
471 1745 645 1843 Papiniani
658 1771 740 1821 nece
759 1747 885 1820 multos
902 1747 947 1820 ita
961 1746 996 1830 in
1019 1747 1133 1822 lireras

167 1857 332 1945 tetuliffe,
347 1874 386 1929 ut
399 1857 500 1932 caedis
521 1882 592 1931 non
615 1856 777 1940 sciverint
797 1856 949 1946 eausam,
971 1858 1045 1932 aliis
1065 1861 1130 1932 alia

167 1965 411 2046 referentibust
428 1965 487 2064 led
503 1991 570 2064 ego
594 1969 697 2042 malui
724 1968 899 2041 veritatem
923 1967 1129 2066 opinionum

169 2076 281 2164 edere,
292 2100 392 2172 quarn
405 2076 447 2147 de
461 2078 547 2147 tanti
558 2075 625 2150 viri
639 2079 730 2151 caede
744 2078 894 2150 reticere.
910 2076 1130 2172 Papinianum

169 2185 400 2261 amiciffimum
413 2183 508 2258 fuiffe
522 2185 722 2281 Imperatori
740 2188 887 2273 Severo,
903 2189 960 2272 δι,
972 2205 1009 2258 ut
1026 2190 1132 2282 aliqui

167 2296 378 2392 loquuntur,
393 2293 526 2367 affinem
545 2293 645 2366 etiam
671 2318 731 2390 per
752 2294 928 2366 secundam
956 2317 1099 2366 uxorem
1118 2351 1150 2384 ,-

169 2405 343 2480 memoriae
365 2403 522 2480 traditur:
536 2405 574 2478 δι
597 2401 678 2477 huic
700 2405 870 2500 praecipue
888 2423 1069 2499 utrumque
1087 2405 1129 2476 fi-

168 2518 252 2590 lium
273 2517 431 2590 aSevero
444 2514 735 2618 commendatum,
749 2539 895 2610 eumque
909 2539 986 2587 cum
1002 2515 1131 2590 Severo
1185 2549 1188 2558 =

168 2625 353 2724 profellum
375 2624 434 2696 sub
454 2622 683 2711 Scaerola‚-&
700 2624 829 2694 Severo
849 2622 883 2692 in
901 2622 1134 2699 advocatione

169 2733 243 2808 fisci
261 2731 463 2821 rucceffiffe,
480 2749 581 2826 atque
602 2734 644 2804 ad
664 2733 731 2806 hoc
750 2731 972 2821 concordiam
988 2732 1130 2808 fratrum

169 2838 429 2918 Antoninorum
440 2837 581 2913 foville:
595 2837 695 2938 e'giffe
708 2838 789 2935 quin
805 2839 904 2927 etiam
915 2844 926 2927 ,’
937 2863 980 2910 ne
995 2842 1133 2914 occide·
1150 2879 1151 2884 1

170 2974 288 3042 retur,
308 2977 384 3026 cum
404 2949 469 3046 jam
492 2952 535 3025 de
552 2950 678 3024 inlidiis
696 2950 767 3046 ejus
788 2951 957 3023 Baffianus
972 2975 1131 3048 quererer

162 3078 248 3148 rur:
267 3080 369 3158 atque
386 3061 464 3136 ideo
479 3086 544 3134 una
563 3087 641 3134 cum
660 3061 723 3149 iis,
748 3061 807 3156 qui
828 3059 977 3134 fautores
999 3061 1134 3136 fuerant

173 3173 291 3254 Getas,
310 3194 329 3241 a
347 3169 531 3260 militibus,
547 3193 623 3252 ,non
644 3167 999 3274 solumspermittente,
1013 3195 1132 3244 verum

172 3279 273 3353 etiam
296 3278 453 3351 suadente
471 3277 850 3366 Antonin0,0ecisum.
870 3278 971 3350 Multi
995 3278 1133 3367 dicunt,

173 3389 387 3472 Baffianum,
405 3388 525 3463 occiso
553 3387 676 3477 fratre,
693 3388 742 3460 illi
766 3387 952 3472 mandasse,
975 3405 1012 3458 ut
1039 3387 1078 3459 δι
1098 3388 1135 3458 in

174 3499 299 3570 Senatu
317 3522 377 3594 per
399 3497 432 3572 le
450 3500 490 3576 &
515 3499 604 3595 apud
624 3496 786 3592 populum
808 3497 937 3569 facinus
962 3495 1131 3569 dilueret:

175 3605 273 3679 illum
286 3600 396 3679 aulem
410 3608 632 3704 respondille‚
650 3613 732 3682 Nora
741 3633 807 3682 ram
814 3607 916 3700 facile
925 3605 1135 3699 parricidium

178 3719 322 3811 excufirri
340 3715 446 3815 poffr,
472 3722 661 3812 quam'fier'i.
682 3718 737 3788 Est
764 3720 863 3790 eriam
890 3718 962 3784 haec
989 3713 1135 3802 fabella,

176 3828 271 3924 quod
289 3827 411 3903 didere
423 3827 572 3902 noluerit
589 3827 806 3916 orationem,
826 3848 893 4000 qu}
906 3819 1136 3999 invehendum
