2884 4828
353 381 440 466 ¹¹¹4
548 353 1257 432 attttauentuu·

367 515 484 614 pulum
495 517 687 588 Romanurn
699 511 805 586 diirit:
819 537 892 612 quo
902 513 1079 611 saepissime
1084 515 1248 614 ‘presente
1258 521 1325 619 gla-

365 629 478 700 diator
495 626 669 726 pugnavit.
690 625 799 714 Sane,
813 648 890 698 cum
906 623 957 697 illi
982 627 1067 725 sape
1086 633 1268 728 pugnanti,
1286 652 1325 706 ut

189 779 203 788 ·
362 727 466 826 Deo,
487 737 634 833 populus
659 733 814 822 favisset,
829 733 960 807 irrisum
981 735 1014 808 se
1032 740 1196 830 credens,
1214 765 1324 838 popu·

361 848 432 920 lum
450 847 641 919 Romanum
662 869 682 916 a
697 840 861 916 militibus
878 842 1070 937 claffiariis,
1084 848 1145 945 qui
1164 850 1240 924 vela
1259 851 1323 921 du·

362 958 503 1047 cebant,
516 954 553 1026 in
576 953 823 1052 amphitheatro
843 950 992 1028 interimi
1013 977 1227 1053 praeeperat.
1249 961 1322 1034 Ur·

360 1067 438 1137 bem
457 1064 594 1138 incendi
610 1061 761 1159 jusserat,
777 1081 899 1158 utpote
915 1063 1090 1134 coloniam
1108 1063 1212 1139 suam.
1225 1068 1323 1164 quod

359 1173 483 1248 sadum
504 1173 604 1266 esset,
623 1173 684 1246 nisi
707 1175 819 1246 Latus
833 1169 1010 1250 Praefeuus
1030 1175 1193 1267 pretorio
1213 1178 1322 1250 Corn·
1437 1238 1439 1244 .

357 1286 499 1359 modum
512 1285 730 1360 deterruisset.
745 1283 942 1380 Appellatus
956 1283 1003 1355 est
1015 1282 1111 1373 sane,
1125 1285 1214 1360 inter
1227 1294 1323 1364 cete·

357 1420 394 1468 ra
411 1396 622 1495 triumphalia
640 1395 782 1468 nomina
802 1394 904 1468 etiam
925 1391 1108 1470 sexcenties
1128 1392 1236 1510 vicies
1257 1399 1321 1471 Pa·

215 1508 217 1512 ’
353 1509 408 1583 lus
427 1499 555 1605 primus
574 1507 776 1598 secutorum.
819 1600 823 1606 Ι

250 1643 252 1648 ·
404 1623 499 1695 XVl.
515 1617 675 1718 Prodigia
692 1619 764 1714 ejus
783 1616 927 1715 imperio
948 1619 988 1694 δι
1006 1617 1191 1716 publice&
1207 1621 1317 1717 priva·
1336 1709 1340 1714 1

344 1730 417 1802 rim
430 1731 503 1803 hec
524 1727 608 1802 faeta
627 1728 713 1800 sunt.
734 1725 866 1801 Crinita
885 1725 977 1800 stella
991 1725 1163 1823 apprimit:
1177 1727 1317 1826 vesligia

354 1843 510 1914 Deorum
525 1837 561 1909 in
578 1837 657 1909 soro
676 1835 746 1910 visa
762 1837 838 1909 sunt
849 1836 1028 1911 etreuntia:
1044 1839 1083 1912 δι
1100 1854 1178 1910 ante
1190 1837 1317 1910 bellum

301 2030 303 2034 f
353 1947 583 2033 desertorum,
603 1939 729 2018 coelum
754 1944 854 2018 arsrt:
875 1943 1105 2042 &repentina
1135 1941 1248 2043 caligo
1276 1970 1316 2020 ac

351 2057 492 2131 tenebra
512 2056 547 2128 in
560 2055 666 2130 Circo
680 2053 843 2128 Kalendis
855 2053 1017 2129 ianuariis
1037 2055 1176 2129 oborta:
1188 2059 1225 2129 δι
1238 2076 1316 2131 ante

5 2145 9 2260 ζ
56 2161 60 2169 “
108 2219 112 2226 f
232 2169 234 2174 ’
349 2165 462 2239 lucem
483 2163 614 2237 fuerant
635 2161 736 2236 etiam
753 2159 967 2237 incendiariae
979 2185 1079 2251 aves,
1092 2187 1132 2237 ac
1151 2162 1242 2236 dirae.
1256 2166 1315 2238 De

149 2313 152 2320 ·
263 2333 267 2340 .
320 2314 324 2332 ·
348 2273 475 2350 Palatio
492 2272 560 2370 ipse
574 2272 623 2348 ad.
634 2271 778 2345 Caelium
795 2293 947 2344 montem
961 2271 996 2344 in
1010 2271 1210 2345 Vectilianas
1225 2273 1313 2346 aedes

195 2439 200 2454 ,
349 2381 527 2480 migravit,
543 2405 686 2480 negans,
699 2380 731 2454 se
741 2379 778 2452 in
790 2379 920 2453 Palatio
936 2380 1028 2474 polle
1039 2380 1198 2453 dormire.
1211 2383 1312 2456 lanus

349 2495 504 2594 geminus
525 2492 582 2566 sua
602 2493 722 2590 sponte
735 2508 870 2589 apertus
892 2491 1009 2579 est‚&
1029 2492 1157 2564 Anubis
1177 2493 1312 2566 simula·

346 2629 444 2678 crum
465 2626 692 2676 marmoreum
713 2600 851 2675 moveri
872 2599 982 2676 visum
1005 2599 1061 2673 esl.
1087 2602 1243 2682 Herculis
1265 2603 1310 2674 st·

348 2737 452 2807 gnum
473 2736 605 2783 aeneum
627 2711 761 2784 sudavit
782 2709 818 2781 in
842 2707 995 2784 Minucia
1012 2733 1071 2804 per
1092 2707 1205 2806 plures
1227 2709 1308 2782 dies.

348 2818 444 2894 bubo
463 2818 564 2890 etiam
590 2816 687 2912 supra
707 2812 900 2892 cubiculum
921 2813 992 2910 ejus
1014 2817 1217 2914 deprehensa
1239 2817 1308 2909 est,

348 2948 417 3002 tarn
437 2927 579 3016 Romae,
596 2951 697 3025 quam
720 2917 874 3000 Lanitvii.
894 2927 966 3024 lpse
983 2947 1093 3002 autem
1107 2926 1307 3026 'prodigium

346 3059 422 3108 non
445 3035 523 3109 leve
541 3035 604 3108 srbi
622 3035 713 3112 seeir.
735 3060 812 3110 nam
829 3033 909 3109 ‘cum
931 3036 968 3108 in
986 3036 1180 3134 gladiatoris
1201 3035 1306 3110 occisi
1329 3064 1334 3076 ¹

263 3153 265 3156 ’
345 3145 472 3220 vulnus
491 3142 625 3218 manunt
644 3145 800 3236 misislet,
819 3145 862 3218 ad
881 3149 982 3242 caput
1004 3145 1066 3220 srbi
1086 3143 1243 3218 dererfit:
1264 3141 1308 3220 dc

283 3247 291 3256 ’
344 3274 466 3330 contra
497 3252 775 3328 consuetudinem
805 3255 982 3350 penulatos
996 3291 997 3294 ¹
1011 3251 1101 3348 judit
1137 3249 1303 3349 spectaro-

295 3401 297 3408 *
340 3388 413 3452 res,
432 3387 504 3436 non
525 3380 685 3460 togatos,
702 3350 749 3435 ad
765 3387 888 3448 munus
909 3360 1117 3453 convenire,
1137 3361 1236 3458 quod
1251 3359 1302 3435 su·

339 3471 502 3545 nebribus
523 3470 672 3557 solebat3
696 3469 765 3564 ipse
780 3468 816 3541 in
836 3467 945 3565 pullio
966 3468 1169 3544 uestimentis
1191 3471 1303 3563 praeti-
1336 3471 1346 3500 ⁸

340 3583 434 3654 dens.
456 3580 561 3653 Galea
577 3578 649 3674 ejus
671 3578 722 3650 bis
738 3601 799 3674 per
819 3595 951 3674 portam
965 3577 1202 3680 Libitinensem
1215 3577 1304 3652 elata

339 3692 397 3764 cst.
411 3689 634 3789 Congiarium
653 3689 745 3761 dedit
762 3689 894 3784 populo
905 3743 918 3778 ‚
931 3686 1066 3792 fingulis
1079 3687 1236 3762 denarios
1254 3688 1302 3761 se·

338 3803 521 3898 pringenos
540 3800 683 3878 vicenos
705 3797 841 3896 quinos.
864 3800 973 3877 Circa¹
985 3800 1071 3874 alios
1084 3823 1204 3876 omnes
1222 3825 1299 3897 par·
