2856 4824
404 189 428 224 Kb,

260 335 956 417 nunterston-naereses.
1030 361 1103 444 291

112 599 113 602 Ἴ
135 522 209 590 rat,
230 498 475 596 occupassent,
504 515 637 574 contra
652 498 830 604 popinarii
851 497 1021 589 dicerent,
1038 499 1103 578 fibi

137 637 215 686 eum
239 610 373 701 deberi,
394 609 581 706 rescripsit,
602 617 712 686 melius
725 609 799 711 effe,
815 637 851 685 ur
870 618 1103 708 quomodocun-

17 801 18 804 Ἴ
136 751 195 818 que
212 726 280 796 illic
300 727 395 806 Deus
409 713 549 807 colatur,
569 747 661 817 quam
681 724 861 816 popinariis
878 728 1018 797 dedatur.

186 835 226 905 L.
241 833 329 904 Cum
347 830 449 928 igitur
469 848 579 920 tantus
599 855 640 904 ac
653 830 726 903 talis
743 833 931 927 Imperator
948 830 1042 905 domi
1059 855 1101 908 ac
1163 813 1166 820 Α

135 935 222 1010 soris
246 940 349 1028 esser,
372 938 450 1011 iniit
476 937 662 1028 Parthicam
694 938 973 1036 expeditionemr
997 965 1100 1039 quam

136 1065 229 1120 tanta
245 1045 443 1144 disciplina,
464 1065 554 1140 tanta
576 1050 766 1140 reverentia
789 1049 838 1122 sui
862 1049 947 1147 egit,
968 1068 1006 1122 ut
1027 1073 1100 1125 non
1141 1116 1145 1126 .

135 1156 278 1248 milites,
295 1157 351 1230 sed
364 1159 540 1232 Senatores
560 1159 698 1230 transire
715 1159 915 1233 dicerentur.
932 1161 1100 1252 Quacum·

134 1289 203 1362 que
219 1268 282 1338 iter
301 1267 451 1364 legiones
469 1265 659 1352 faciebant,
670 1266 817 1340 Tribuni
835 1267 995 1356 accindi,
1006 1273 1100 1343 Cen·¹

136 1374 290 1448 turinnes
311 1374 517 1464 verecundi,
534 1376 657 1450 milites
679 1376 838 1452 amabiles
862 1398 973 1451 erante
990 1379 1100 1476 ipsum

137 1509 225 1557 vero
259 1487 307 1560 ob
331 1487 404 1559 haec
429 1475 483 1560 lot
506 1489 545 1560 da
571 1504 662 1560 tanta
692 1488 782 1561 bona
807 1489 1033 1585 provinciales
1061 1506 1102 1566 ut
1133 1573 1136 1582 ,

136 1593 251 1666 Deum
270 1593 501 1706 suspiciebant.
518 1596 589 1670 lam
609 1595 774 1692 verogipti
796 1597 918 1672 milites
936 1596 1103 1692 juvenem

136 1706 377 1798 Imperatorem
399 1704 444 1778 src
468 1705 643 1795 amabant,
672 1724 710 1778 ut
735 1704 890 1796 srarrem',
914 1703 1101 1795 urfiliume

136 1829 176 1882 ut
192 1831 380 1906 parentem:
399 1811 509 1886 vestiti
531 1813 691 1905 honeste,
711 1813 843 1889 calciati
861 1815 960 1888 etiam
979 1817 1021 1886 ad
1042 1815 1114 1906 der

135 1941 271 2006 cotem,
288 1921 405 1992 armati
422 1920 602 2012 nobiliter,
627 1921 722 2018 equis
743 1921 843 1996 etiam
866 1921 1036 2010 inslrusli,
1057 1924 1098 1998 δι
1142 1930 1146 1938 ’

137 2025 307 2124 ephippiis
322 2053 360 2099 ac
378 2027 481 2099 frenis
500 2029 717 2101 decentibus:
736 2030 892 2124 prorsus,
913 2047 950 2100 ut
970 2029 1099 2102 Roma·

135 2159 215 2208 nam
237 2135 479 2226 rempublicam
501 2133 720 2232 intelligeret,
733 2137 927 2232 quicunque
949 2138 1098 2214 Alexan-J

135 2244 188 2317 dri
210 2243 344 2316 vidisset
359 2242 556 2316 exercitum.
576 2244 777 2336 Elaborabat
794 2244 962 2341 denique,
987 2263 1023 2316 ur
1042 2244 1099 2321 di·;

137 2377 223 2454 gnus
236 2355 297 2428 illo
316 2354 454 2428 nomine
470 2353 661 2441 videretur,
675 2355 801 2444 immo,
814 2373 852 2430 ut
871 2355 1097 2430 Macedonem
1183 2445 1185 2458 s

130 2466 231 2551 illum
255 2467 426 2545 vinceret:
447 2466 664 2565 dicebatque,
680 2467 769 2540 inter
783 2469 976 2546 Romanum
992 2464 1097 2538 Alex·

135 2576 277 2654 andrum
296 2580 335 2652 dt
360 2578 584 2664 Macedonem
607 2576 751 2649 multum
779 2575 933 2650 interesse
964 2575 1098 2654 debere.¹

133 2689 271 2761 Fecerat
295 2687 440 2784 denique
457 2685 518 2758 srbi
538 2684 796 2784 argyroaspidas
814 2687 854 2760 δι
872 2683 1095 2784 chrysoaspi-

134 2799 211 2872 das:
229 2797 421 2886 fecerat&
441 2799 638 2897 pbalangem
658 2794 793 2898 triginta
812 2795 954 2870 millium
978 2792 1095 2904 bomi-

135 2931 239 2998 num,
263 2911 352 3007 quos¹
373 2913 603 3008 phalangarios
629 2908 748 2982 vocari
771 2905 923 3001 jusserat,
945 2907 983 2979 &
1005 2920 1093 2979 ‘eum

134 3016 417 3113 quibusmultum
445 3018 527 3093 secit
546 3019 581 3092 in
603 3018 750 3090 Perside:
771 3042 847 3114 quae
866 3015 1000 3114 quidem
1022 3031 1094 3090 erat

133 3151 179 3200 ex
204 3125 262 3198 serr
287 3125 477 3226 legionibus
506 3127 663 3202 similium
690 3150 883 3216 armorum,
909 3125 1094 3224 stipendio·

32 3251 39 3260 '
133 3263 209 3312 rum
227 3262 312 3314 vero
326 3237 402 3332 post
413 3237 578 3312 Persicum
593 3238 717 3312 bellum
730 3227 911 3330 majorum.

183 3349 235 3420 LI.
256 3349 363 3422 Dona
383 3346 530 3447 regiain
554 3347 684 3444 templis
705 3345 841 3442 posuit:
861 3365 1009 3442 gemmas
1030 3335 1094 3418 fibi

135 3456 266 3532 oblatas
282 3459 452 3550 vendidit,
470 3459 632 3533 muliebre
652 3459 716 3532 esse
726 3457 934 3545 existimans,
946 3476 1094 3553 gemmas

133 3566 320 3666 poffidere,
338 3594 414 3666 quae
437 3592 547 3668 neque
562 3569 661 3662 militi
683 3567 754 3642 dari
774 3560 921 3665 poffiln,
942 3586 1092 3663 nequea

134 3679 227 3758 viro,
246 3670 371 3752 baberi.
400 3679 490 3753 Cum
513 3680 651 3778 quidam
680 3680 807 3778 legatus
831 3676 978 3751 uniones
995 3675 1096 3748 'duos

135 3789 241 3868 uxori
256 3790 328 3892 ejus
343 3816 404 3894 per
425 3789 534 3896 ipsum
550 3792 720 3872 obtulisset
738 3791 852 3976 moggi
872 3787 1030 3887 ponderis
1052 3789 1095 3866 &

276 3945 282 3957 ‘
804 3927 806 3932 ’
866 3929 890 3997 4

1158 1807 1164 1846 l
