2782 4814
355 327 398 380 ro
507 301 682 375 AELII
731 298 1166 378 seattTtANt

350 463 504 559 quantis,
522 461 627 536 inulta
646 457 784 556 largitus
805 458 867 535 est.
885 457 1037 534 Feminas
1055 460 1257 551 nonnullas,
1274 463 1317 536 ad

247 619 249 626 ·
285 605 288 616 ’
351 573 596 648 sustentandam
615 570 745 660 viram,
763 569 925 644 sumtibus
945 569 1043 663 juvit.
1067 570 1318 647 Gladiatorium

350 709 476 758 munus
494 706 554 779 per
566 681 621 753 sex
632 679 704 768 dies
716 680 902 756 continuos
917 680 1096 778 exhibuitt
1109 685 1148 758 δι
1161 681 1253 756 mille
1268 682 1318 758 ses

351 819 405 870 ras
423 791 523 886 natali
543 789 607 862 suo
624 789 739 864 edidit.
1068 785 1074 794 ’

400 893 488 974 Vlss.
514 897 677 994 Optimos
700 897 858 994 quosque
874 897 917 972 de
936 900 1056 974 senatu
1072 898 1110 972 in
1132 901 1319 977 contuber-

352 1010 449 1084 nium
462 1009 690 1105 Imperatoriae
704 1007 882 1104 majestatis
894 1007 1045 1082 adscivit.
1060 1011 1176 1084 Ludos
1189 1011 1319 1086 circen·

353 1119 424 1211 ses,
444 1137 565 1215 praeter
591 1117 782 1213 natalitios,
803 1119 958 1194 decretos
979 1117 1039 1192 sibi
1060 1118 1205 1214 sprevit:
1224 1123 1263 1196 δι
1282 1121 1318 1194 in

244 1273 248 1284 ,
274 1227 278 1236 '
354 1227 545 1318 concione,
567 1227 659 1303 &in
678 1225 794 1308 senatu
814 1227 900 1322 saepe
919 1228 1024 1316 dixit,
1047 1234 1094 1302 ira
1102 1234 1140 1324 se
1157 1236 1319 1326 rempubli-

355 1368 423 1412 cam
440 1341 610 1438 gesturum,
627 1361 663 1411 ut
671 1339 767 1431 sciret
778 1341 891 1432 populi
905 1367 966 1410 ram
985 1337 1058 1437 effi,
1073 1369 1138 1412 non
1146 1348 1323 1436 propriam.

356 1449 477 1523 Tertio
496 1448 671 1537 consules,
694 1447 857 1543 cumipse
879 1467 930 1521 ter
945 1447 1073 1538 suisset,
1090 1450 1202 1547 plures
1222 1449 1323 1524 fecit:

357 1556 511 1630 infinitos
530 1576 641 1630 autern
658 1555 796 1630 secundi
814 1556 1007 1640 consulatus
1022 1559 1155 1633 honore
1174 1562 1323 1634 cumula·

246 1751 248 1756 ,
356 1668 419 1760 uit.
443 1666 552 1763 ipsum
572 1685 682 1738 aurem
701 1665 837 1740 tertium
864 1665 1094 1753 consulatum,
1113 1671 1152 1744 δι
1175 1695 1323 1767 quatuor

358 1778 526 1852 mensibus
543 1795 673 1850 tantum
693 1776 783 1874 egit,
802 1779 840 1851 δι
858 1775 894 1850 in
915 1799 959 1850 eo
981 1776 1068 1872 saepe
1083 1775 1134 1872 jus
1152 1779 1248 1854 dixit.
1262 1783 1323 1872 Se·

358 1886 452 1960 narni
470 1886 641 1984 legitimo,
659 1909 736 1958 cum
760 1885 796 1956 in
817 1886 911 1968 Urbe
930 1885 989 1959 vel
1012 1883 1107 1980 juxta
1124 1889 1251 1962 Urbem
1271 1890 1324 1966 es·
1387 1950 1388 1970 .

359 1997 426 2077 set,
443 1995 571 2092 semper
599 1994 762 2068 interfuit.
785 1997 925 2070 Senatus
948 1995 1112 2094 fastigium
1134 1998 1326 2074 intantum
1387 2055 1388 2086 3

260 2113 262 2118 '
360 2105 496 2196 extulit,
522 2105 660 2178 difficile
682 2104 808 2180 faciens
829 2106 1017 2197 senatores,
1043 2096 1086 2180 ut
1110 2133 1188 2182 cum
1212 2110 1326 2184 Arria·
1387 2111 1388 2190 ἒ

360 2240 442 2286 num
463 2237 505 2286 ex
531 2214 689 2308 praesesio
710 2213 885 2308 praetorii,
907 2214 1113 2290 ornamentis
1137 2217 1327 2291 consulari·¹
1387 2209 1388 2302 ᾗ

360 2323 424 2398 bus
441 2324 637 2420 praeditum,
656 2323 782 2396 faceret
798 2324 1007 2416 senatorem,
1025 2324 1109 2398 nihil
1130 2325 1162 2398 se
1181 2327 1330 2420 amplius
1387 2303 1388 2347 ἶ

360 2435 506 2524 habere,
524 2436 619 2532 quod
638 2435 675 2507 in
701 2459 777 2508 enm
801 2417 950 2508 con'seni
977 2433 1104 2530 posset,
1129 2433 1328 2516 ostenderit.

358 2545 499 2642 Equites
520 2547 698 2620 Romanos
720 2571 783 2618 nec
805 2545 874 2618 fine
895 2545 926 2618 se
947 2544 988 2628 de
1007 2542 1238 2632 senatoribus,
1263 2571 1328 2620 nec

361 2657 474 2752 secum
495 2656 650 2748 judicare·
665 2655 824 2751 permisit.
846 2657 925 2726 Erat
947 2651 1043 2744 enimv
1056 2668 1139 2724 tunc
1159 2675 1255 2740 mos,
1268 2673 1326 2742 ut,

271 2789 273 2802 ·
362 2789 440 2838 cum
460 2764 618 2858 Princeps
641 2763 754 2836 causas
778 2753 1076 2856 cognoscerem&
1094 2759 1265 2838 senatores
1287 2764 1328 2836 δι

362 2874 492 2970 equites
509 2875 686 2946 Romanos
701 2873 736 2943 in
753 2871 929 2944 confilium
949 2864 1111 2957 vocaret,
1127 2871 1325 2944 sententiam
1386 2935 1387 2938 ,

361 3008 404 3057 ex
425 2982 581 3054 omnium
603 2979 845 3052 deliberatione
865 2979 1041 3075 proferret.
1062 2977 1260 3052 Exsecratus
1278 2977 1327 3051 est

361 3095 505 3188 deniqne
518 3093 770 3188 Principes,qui
782 3090 891 3164 minus
902 3088 1110 3164 senatoribus
1122 3088 1327 3165 detulissent.
1386 3140 1387 3152 .

353 3205 553 3294 ¹Serviano,
575 3203 701 3276 sororis
722 3202 820 3291 viro,
842 3201 896 3276 cui
916 3220 1054 3276 tantum
1077 3201 1213 3282 detulit.
1229 3193 1270 3272 ¹ut
1296 3201 1329 3273 ei

364 3316 516 3391 venienti
547 3317 588 3388 de
615 3315 774 3390 cubiculo
805 3314 932 3411 semper
962 3314 1163 3400 occurrerit,
1189 3312 1329 3387 tertium
1386 3359 1387 3390 t

365 3425 594 3514 consulatum,
620 3452 682 3506 nec
708 3427 820 3499 secum
841 3447 972 3512 tamen,
1000 3450 1076 3498 cum
1099 3423 1226 3496 illebis
1249 3439 1329 3494 ante
1385 3421 1387 3490 i

365 3535 573 3610 Hadrianum
589 3534 718 3625 fuisset,
732 3561 773 3608 ne
786 3535 863 3608 esset
882 3533 1035 3607 secundae
1049 3533 1240 3622 sententie,
1254 3553 1329 3602 non

365 3647 511 3745 petenti,
531 3670 577 3720 ac⁴
592 3645 659 3718 fine
679 3646 876 3742 precatione
891 3633 1062 3718 concessit.
1113 3707 1116 3714 ,

293 3848 296 3857 Ι
412 3757 473 3828 lX.
489 3758 579 3849 Inter
598 3755 671 3829 haec
687 3771 797 3827 tamen
812 3758 849 3828 δι
866 3753 985 3828 multas
998 3749 1195 3849 provincias
1208 3774 1227 3823 a
1238 3749 1329 3822 Tra·
