2856 4824
364 371 436 444 234
524 341 696 418 AELII
743 331 1181 410 Lampurvrr

362 508 395 582 se
420 505 622 606 polluerant.
644 507 686 578 Et
707 501 876 599 penetrale
892 499 1018 574 sacrum
1037 495 1085 570 est
1107 495 1240 570 auferre
1261 521 1330 571 co·

362 634 489 691 natus:
514 638 660 711 cumque
687 612 829 699 seriam,
856 610 948 706 quasi
986 619 1102 683 vera'm
1137 605 1323 704 rapuiffer,
1408 691 1409 696 Ἰ

361 725 540 825 (quamvis
561 725 670 820 Virgo
692 721 837 795 maxima
852 719 964 794 salsam
979 717 1247 813 monstraverat)
1274 737 1324 792 ar·

359 859 426 932 que
446 835 480 906 in
501 839 537 905 aa
556 832 641 904 nihil
656 830 845 926 reperiffer,
863 826 1035 926 appl‘osam
1057 825 1177 924 fregit:
1193 851 1257 900 nec
1272 847 1322 900 ra·

358 966 436 1015 men
456 940 637 1038 quidquam
658 937 814 1037 religioni
829 937 966 1036 demur,
979 936 1059 1034 quia
1073 936 1185 1032 plures
1199 935 1324 1010 similes

358 1051 453 1126 fauae
474 1051 635 1124 dicuntur
652 1049 736 1138 effe,
759 1073 801 1122 ne
823 1046 899 1145 quis
919 1069 1033 1120 veram
1049 1071 1197 1145 unquam
1218 1047 1323 1143 poffit
1409 1100 1410 1152 i

358 1160 502 1234 auferre.
523 1161 607 1232 Haec
623 1185 699 1233 cum
720 1159 766 1231 ira
787 1157 906 1242 effent,
926 1155 1055 1256 fignum
1071 1175 1183 1230 tamen
1196 1211 1207 1242 ‚
1221 1159 1320 1253 quod
1409 1229 1410 1234 ,

277 1251 282 1267 ’
358 1269 541 1342 Palladium
562 1267 627 1340 effe
648 1267 823 1356 credebar,
847 1265 1001 1359 abstulit,
1018 1267 1154 1341 &auro
1175 1263 1320 1357 fliium,

357 1379 394 1452 in
418 1377 466 1450 sui
486 1377 555 1451 Dei
576 1377 704 1474 templo
726 1375 865 1450 locavit.
1124 1453 1127 1462 Ι

406 1489 478 1562 VII.
500 1488 618 1561 Martis
633 1489 733 1576 eriam
755 1485 871 1560 Derim
894 1483 982 1558 sacra
1004 1482 1134 1579 accepit
1147 1481 1185 1556 δι
1203 1499 1318 1555 tauro·
1410 1533 1411 1582 }

203 1581 214 1590 ’
269 1607 271 1614 “
358 1594 594 1682 boliatusest,
615 1614 653 1666 ur
674 1590 1315 1692 rypumeriperet,&aliasacra‚quae
1410 1611 1411 1614 ’

356 1704 491 1799 penitus
515 1704 681 1776 habentur
700 1703 848 1777 condita.
863 1703 1001 1776 labiavit
1021 1721 1131 1777 aurem
1147 1720 1248 1796 caput
1262 1701 1315 1772 in·

283 1815 294 1834 *
356 1833 407 1887 ter
428 1814 586 1910 praecisos
611 1815 795 1898 fanaticos,
816 1813 1025 1910 &genitalia
1050 1813 1110 1886 fibi
1132 1801 1316 1902 devinxit',

355 1925 395 1997 &
412 1924 528 1996 omnia
551 1923 651 2013 fecit,
666 1949 743 2021 quae
764 1923 858 1995 Gaui·
874 1922 983 1994 facere
1006 1922 1112 1994 solent
1125 1950 1133 1996 ε
1146 1922 1317 1995 ablatum·

354 2055 422 2125 que
443 2028 587 2104 sanaim
607 2029 641 2102 in
661 2030 830 2127 penetrale
849 2031 915 2106 Dei
932 2029 979 2102 sui
998 2029 1173 2104 transtulit.
1186 2031 1316 2104 Salam·

355 2139 481 2212 bouem
508 2140 608 2212 erianr
633 2139 730 2213 omni
760 2138 892 2234 planiiu
920 2141 958 2212 δι
986 2137 1163 2230 imatione
1185 2140 1316 2238 Syriaci

353 2246 464 2320 cultus
486 2248 657 2337 exhibuit,
674 2271 776 2318 omen
793 2245 851 2318 fibi
875 2244 1000 2319 faciens
1015 2246 1223 2322 imminentis
1243 2250 1316 2324 exi·

353 2355 405 2430 tii.
425 2357 556 2455 Omnes
573 2355 648 2428 sane
663 2355 760 2440 Deos
775 2353 820 2424 sui
836 2352 905 2426 Dai
917 2352 1086 2426 ministros
1102 2352 1166 2426 effe
1183 2354 1316 2449 ajebat,

354 2487 434 2538 cum
457 2464 543 2537 alios
563 2461 633 2557 ejus
653 2460 1113 2558 cubicularios-appellarer,
1137 2464 1222 2538 alios
1245 2466 1313 2539 ser·

353 2598 441 2663 vos,
452 2575 537 2648 alios
547 2575 752 2648 diversarum
771 2598 881 2647 rerum
892 2573 1072 2648 ministros.
1082 2575 1236 2672 Lapides,
1251 2577 1314 2677 qui

352 2683 442 2757 Divi
459 2684 639 2772 dicuntur,
656 2708 699 2755 ex
723 2683 865 2780 proprio
889 2684 1018 2778 templo
1042 2685 1164 2759 Dianae
1190 2687 1313 2762 Laodi·

353 2815 451 2878 ceae,
474 2817 517 2865 ex
541 2793 649 2891 adyto
671 2791 752 2882 suo,
776 2793 810 2864 in
836 2817 907 2890 quo
925 2793 958 2864 id
982 2795 1116 2868 Orestes
1135 2795 1314 2892 posuerat,

197 2953 200 2960 ,
215 2985 218 2992 Ι
352 2900 471 2975 afferre
485 2901 608 2979 voluit.
621 2905 663 2975 Et
678 2901 828 2976 Orestem
844 2902 980 3000 quidem
998 2903 1108 2976 serunt
1122 2929 1192 2976 non
1206 2933 1313 2982 unum

352 3013 568 3088 simulacrum
587 3015 725 3106 Dianae,
744 3015 806 3090 ne'c
823 3039 895 3088 uno
911 3013 947 3087 in
967 3016 1050 3089 ioco
1070 3015 1238 3112 posuisse,
1257 3021 1312 3094 sed

352 3121 460 3194 multa
482 3122 516 3193 iu
538 3124 659 3198 multis.
675 3125 891 3223 Posteaquam
911 3123 942 3197 se
962 3125 1051 3221 apud
1070 3124 1152 3198 Tria
1170 3124 1312 3220 flumina

352 3230 441 3304 circa
463 3231 613 3304 Hebrum
626 3258 669 3306 ex
687 3233 848 3330 responso
869 3230 1086 3329 purificavit,
1108 3233 1206 3307 etiam
1221 3236 1310 3309 Ora·

352 3343 434 3416 stam
453 3341 606 3444 condidit
625 3343 817 3434 civitatem,
835 3369 936 3440 quam
954 3342 1039 3438 saepe
1057 3345 1224 3420 cruentari
1246 3348 1310 3422 ho·

352 3453 483 3528 minum
507 3451 820 3550 'sanguine'neceffe
847 3453 904 3528 esa
929 3455 970 3524 Et
990 3455 1142 3528 Orestam
1172 3455 1309 3554 quidem

353 3564 472 3636 urbem
492 3563 680 3636 Hadrianus
703 3563 764 3635 suo
787 3562 927 3636 nomine
946 3563 1111 3637 vindicari
1129 3562 1242 3659 justit,
1266 3589 1309 3662 en

353 3691 527 3769 tempore,
547 3698 619 3771 quo
642 3673 757 3745 furore
776 3692 926 3768 coeperat
940 3675 1165 3764 laborare‚ut
1189 3699 1232 3746 ex
1258 3699 1310 3746 re·

201 3848 206 3858 .
354 3780 480 3877 sponso
493 3836 506 3874 ,
518 3807 596 3859 cum
615 3782 647 3860 ei
664 3782 790 3858 distum
811 3781 908 3877 esset,
925 3801 962 3859 ut
978 3783 1014 3858 in
1032 3782 1148 3860 furiofi
1166 3782 1309 3880 alicujus
