2932 4824
330 359 402 456 tet
483 349 1140 430 'AEtttspttttttttt

328 539 400 594 etat
414 516 448 588 in
471 515 623 604 fratrem,
638 511 780 589 utcausa
798 511 871 606 ejus
886 513 1007 587 melior
1026 513 1140 603 fieret,
1151 515 1210 614 qui
1226 535 1287 592 oc·'

327 629 476 702 cidetat:
496 625 592 697 illum
611 643 722 696 autent
744 640 920 720 negantem
945 625 1166 721 respondisse,
1182 633 1291 700 Aliud

327 741 370 844 cst
377 741 581 833 parricidium
592 734 757 828 ,accusare
770 737 961 806 innocentem
981 735 1122 826 occisum·
1140 736 1204 807 Sed
1219 738 1287 810 hoc

330 848 476 921 omnino
500 870 570 919 non
585 841 773 917 convenit:
791 865 866 916 nam
886 865 995 938 neque
1014 841 1190 916 Profectus
1207 865 1287 939 pot-

310 977 401 1044 ¹erat
420 957 543 1034 tiuare
558 953 746 1028 orationem
762 979 772 1024 r
794 956 838 1026 δι·
851 951 1000 1038 constat,
1013 977 1089 1024 eum
1109 955 1198 1050 quast
1214 954 1288 1028 fau·

329 1085 440 1142 torem
465 1069 563 1138 Getae
584 1061 741 1137 occisum.
766 1061 808 1132 Et
831 1059 936 1134 fertur
953 1059 1113 1156 quidem,
1131 1063 1287 1159 Papinia-

329 1201 413 1252 num
425 1230 436 1265 ,
450 1199 526 1248 cunt
541 1191 655 1271 raptus
669 1198 687 1246 a
701 1169 861 1245 militibus
875 1172 915 1243 ad
931 1170 1090 1242 Paiatium
1103 1174 1288 1248 traheretur

330 1284 561 1372 occidendus,
578 1281 834 1379 praedivinaffe,
857 1283 1048 1370 dicentem,
1068 1283 1285 1380 Stulrz'ffinum
1308 1331 1310 1334 -

323 1399 414 1493 fite,
435 1400 488 1490 qui
511 1398 545 1466 in
558 1395 657 1489 suunt
667 1394 886 1489 subrogaretur
906 1397 1026 1476 iocum,
1039 1394 1104 1491 nist
1119 1403 1287 1489 appetitam

330 1511 490 1580 crudeliter
509 1505 723 1594 Proscisurant
746 1508 925 1575 uindicaret.
944 1502 1050 1594 Quod
1073 1503 1193 1576 factum
1217 1506 1287 1580 est:

331 1641 410 1688 nam
431 1614 600 1686 Macrinus
618 1613 830 1685 Antoninum
849 1611 996 1700 occidit,
1010 1632 1045 1683 ut
1065 1611 1157 1708 supra
1177 1636 1288 1707 expo-

331 1727 480 1801 suimus:
499 1723 559 1820 qui
582 1750 657 1799 cum
677 1722 749 1795 filio
771 1723 874 1796 satius
894 1724 929 1796 in
952 1723 1061 1802 castris
1081 1721 1288 1818 imperator,

330 1835 437 1909 filium
452 1834 559 1923 suum,
568 1832 625 1930 qtst
634 1837 858 1906 Diadumenus
871 1834 1066 1920 vocabatur,
1080 1830 1292 1906 Antoninum

332 1945 498 2034 vocavit,
516 1944 645 2023 idcirco
661 1946 755 2040 quod
775 1973 793 2018 a
817 1945 1027 2042 pretorianis
1045 1947 1189 2020 muitum
1213 1952 1285 2020 Au·

332 2057 473 2134 toninus
493 2055 690 2128 desideratus
713 2055 770 2130 esi.
1151 2077 1154 2084 ’

381 2171 441 2242 ΙΧ.
464 2167 560 2240 Vixit
579 2186 687 2240 autem
709 2166 872 2240 Bassianus
891 2167 986 2240 annis
1001 2167 1216 2277 quadraginta
1231 2169 1288 2239 tri·
1343 2260 1346 2266 ι

332 2280 407 2352 but.
426 2276 605 2372 Imperavit
625 2276 719 2357 annis
736 2276 802 2349 sert.
820 2277 959 2349 Publico
981 2273 1098 2375 funere
1111 2277 1216 2348 elatus
1231 2277 1290 2350 est.

319 2388 454 2464 xFilium
469 2385 697 2484 reliquit,qui
715 2386 831 2479 postea
848 2389 884 2460 δι
907 2388 975 2481 ipse
1000 2391 1131 2462 Marcus
1145 2396 1288 2463 Antoni·

336 2525 396 2570 nus
416 2499 644 2592 Heliogabalus
664 2494 710 2566 est
728 2494 849 2566 didus:
866 2495 1018 2567 ita'enim
1035 2521 1160 2568 nomen
1175 2502 1298 2569 Antoss

335 2608 495 2680 ninotum
516 2605 727 2692 inoleverat,
749 2624 786 2674 ut
808 2604 888 2676 velli
910 2630 952 2676 εκ
973 2607 1091 2680 animis
1112 2609 1288 2682 hominum

252 2759 258 2772 ι
336 2741 409 2790 non
429 2716 560 2811 posset,
583 2715 845 2809 quodomnium
868 2716 1020 2810 pectora,
1037 2717 1131 2824 velut
1153 2719 1290 2816 Augusti

336 2849 489 2910 nomen,
510 2822 691 2894 obsederat.
721 2824 796 2894 Fuit
824 2826 908 2896 male
929 2843 1104 2916 moratur,
1129 2830 1167 2900 δι
1197 2821 1291 2921 patre
1391 2901 1397 2921 x

218 2933 221 2938 ’
296 2994 298 3000 ,
336 2935 425 3006 duro
447 2930 626 3006 crudelior.
649 2930 779 3009 Avidus
794 2932 878 3021 cibi,
897 2933 969 3006 vini
987 2934 1084 3006 eriam
1106 2956 1290 3030 appetens,

337 3043 404 3118 suis
416 3042 553 3115 odiosus
565 3095 575 3130 ‚
585 3045 634 3128 δι,
650 3031 769 3137 praeter
783 3041 905 3116 militet
917 3046 1162 3138 memnonos,
1175 3049 1291 3118 omni·

337 3155 401 3227 bus
423 3154 532 3226 castris
553 3153 694 3227 exosus:
718 3153 851 3244 prorsus
872 3155 954 3228 nihii
973 3156 1060 3234 inter
1072 3155 1189 3228 fratres
1202 3159 1291 3228 fimi·

338 3267 379 3339 le.
401 3267 514 3359 Opera
532 3267 652 3338 Rome
671 3265 820 3365 reliquit,
833 3267 976 3338 thermas
993 3268 1142 3340 nominis
1155 3269 1202 3339 sui
1219 3268 1291 3339 exi-

338 3375 452 3450 enias:
481 3399 618 3470 qttntum
647 3374 764 3447 cellam
794 3378 952 3446 solearem
978 3379 1147 3450 architecti
1169 3381 1293 3477 negant

335 3484 429 3581 posse
447 3484 514 3554 ulla
533 3483 742 3570 imitatione,
756 3508 823 3578 qua
834 3483 915 3554 satia
928 3485 994 3573 est,
1008 3485 1091 3561 fieri.
1107 3513 1181 3558 nam
1197 3493 1232 3560 ὅτ
1247 3513 1291 3560 ex

310 3585 311 3590 ἵ
337 3620 403 3665 tete
425 3594 479 3664 vel
501 3615 612 3686 ‘cupro
634 3592 775 3663 cancelli
804 3591 1000 3688 superposui
1022 3595 1087 3666 effe
1111 3596 1293 3686 dicuntur,
1342 3667 1344 3671 ,
1428 3601 1430 3658 J

340 3705 462 3796 quibus
491 3702 672 3774 cameratio
695 3719 766 3772 t'0ta
798 3704 1081 3774 concreditaest:
1105 3705 1142 3778 δι
1162 3722 1292 3774 tantum

340 3809 387 3882 est
402 3811 538 3906 spatium
551 3863 563 3899 ,
576 3827 613 3882 ut
625 3811 659 3881 itl
680 3809 787 3906 ipsum
806 3807 878 3882 fieti
898 3832 1019 3911 negent
1035 3811 1177 3909 potuisse
1201 3813 1300 3890 dotti*
