2932 4824
344 355 414 404 210
534 315 1122 406 totitctrtr'ottnt

339 500 521 568 Matrinum
540 495 715 568 libertinum
733 495 889 566 hominem
899 495 1103 595 prostibulum
1114 547 1126 586 ,
1131 499 1305 592 similibus
1438 527 1439 588 ξ

341 608 455 704 officiis
474 627 654 697 occupamm
676 605 712 673 in
731 607 824 674 domo
845 608 1069 696 imperatoria,
1093 612 1200 714 venali
1209 607 1305 699 fida,
1435 611 1439 628 “

340 719 408 786 rita
419 715 553 811 fhrdida
562 715 626 805 sub
645 715 831 796 Commodo,
846 741 867 783 a
882 719 992 786 Severo
1004 738 1151 786 remotum
1174 719 1304 786 etiamn
1439 737 1440 780 ff

340 823 518 914 miserrimis
536 821 646 918 officiis
660 875 671 908 ,
687 827 906 918 rdegatrtmque
924 828 961 896 in
983 825 1156 916 Africam,
1176 829 1232 899 nbi
1243 880 1254 916 ,
1267 853 1304 900 ut
1437 789 1441 933 i

338 938 510 1028 infamiam
527 937 744 1006 damnationis
768 959 874 1029 tegeret
886 988 896 1019 ,
910 936 1034 1021 ltdioni
1053 965 1177 1030 operam
1195 941 1302 1030 dadis·

237 1116 239 1122 .
330 1050 391 1142 sa,
411 1041 499 1144 tgiffe
521 1047 686 1140 crustam,
705 1043 901 1142 declamaffe,
916 1045 976 1133 jus
995 1049 1146 1150 postremo
1170 1046 1299 1145 dixiffe.

338 1165 510 1234 Donatum
523 1182 627 1230 autem
640 1159 750 1226 anulis
761 1159 882 1240 aureis,
892 1157 1110 1247 patrocinante
1113 1155 1180 1254 fibi
1191 1159 1301 1228 liberto
1439 1167 1440 1190 ;

328 1275 393 1368 suo
410 1269 523 1367 Ftflo;
542 1263 1003 1358 advocatumfiscifhdumsub
1022 1270 1100 1338 Vtro
1117 1271 1300 1340 Antonino.

335 1379 401 1484 Sed
416 1380 463 1453 ·&
483 1377 556 1452 hacc
580 1375 679 1450 dubia
698 1395 894 1472 ponuntur,
913 1377 952 1450 &
977 1373 1041 1475 alia
1067 1375 1226 1449 dicuntur
1256 1378 1300 1450 ab

335 1492 410 1564 aliis
423 1515 532 1586 ,qua
553 1487 623 1584 ipsa
647 1509 785 1586 quoque
806 1510 878 1560 non
899 1485 1093 1561 tacebimus.
1113 1487 1201 1558 Nam
1228 1487 1299 1583 ple·
1440 1487 1441 1494 ’

334 1600 449 1699 rique
457 1593 691 1695 gladiatoriam
718 1619 863 1693 pugnam
890 1619 967 1667 eum
993 1593 1177 1669 exhibuitle
1202 1595 1298 1668 dixe·

334 1710 477 1833 rann&
488 1724 649 1802 accepta
662 1707 762 1793 rudi
780 1706 821 1776 ad
835 1702 984 1779 Africam
1000 1703 1080 1778 itte·
1098 1721 1298 1778 venatorem

249 1847 250 1856 ¹
334 1820 470 1918 primo,
489 1818 563 1913 poll
583 1818 683 1890 etiam
701 1815 917 1888 tabellionem
936 1812 1051 1904 fuitle,
1064 1797 1222 1910 deinceps
1237 1815 1298 1887 ad·

334 1946 499 2002 vocatum
519 1926 613 1999 fuitle
634 1913 725 2001 lisci:
716 1951 786 2000 ·er
803 1949 874 2023 quo
900 1924 1019 2000 officio
1041 1925 1083 1996 ad
1104 1924 1300 2038 ampliffima

334 2066 479 2164 quaeque
498 2040 666 2136 pervenit.
678 2037 817 2115 Deinde
832 2061 909 2111 cum
923 2037 1002 2110 ellat
1016 2035 1193 2112 oretenus
1208 2060 1298 2132 prae·

263 2135 268 2150 ’
334 2148 450 2238 torio,
475 2149 605 2249 collega
633 2147 819 2246 ablegato,
841 2145 1054 2220 Antoninum
1084 2145 1296 2219 Caracallum

334 2248 577 2354 Imperatorem
597 2256 720 2330 suum
712 2255 902 2347 interemit,
917 2273 1008 2329 tanta
1029 2251 1186 2342 fidione,
1201 2276 1239 2330 ut
1254 2260 1297 2332 ab

333 2394 378 2441 eo
388 2392 460 2440 non
470 2368 642 2442 videretur
652 2364 795 2443 occisus
805 2391 881 2441 nam
893 2363 1075 2442 llratore
1046 2389 1117 2462 ejus
1131 2369 1297 2456 redemto,

321 2476 475 2573 &spe
466 2478 595 2574 ingenti
616 2481 810 2577 proposita,
825 2481 860 2555 id
878 2480 967 2580 egit,
981 2502 1019 2554 ut
1031 2484 1125 2580 quali
1143 2479 1297 2556 militari·

332 2588 397 2662 bus
417 2583 561 2679 inlidiis,
574 2589 669 2686 quod
684 2589 739 2661 vel
761 2591 809 2664 ob
830 2589 1047 2686 parricidium
1060 2592 1118 2667 vel
1129 2591 1348 2668 incestum

331 2694 547 2790 displiceret,
569 2695 764 2770 interemtus
788 2698 966 2771 diceretur.
1085 2735 1089 2746 ·

381 2809 425 2880 V.
444 2805 561 2878 Statim
580 2806 727 2904 denique
747 2808 888 2905 arripuit
903 2809 1102 2907 imperinm,
1121 2811 1195 2884 lilio
1212 2813 1295 2887 Dia·

215 2959 220 2982 r
290 2953 296 3014 1
331 2915 512 2991 dnmeno
502 2943 537 2990 tn
555 2915 787 3014 participatum
807 2919 958 3008 adscito,
983 2947 1082 3018 quem
1104 2924 1293 3015 continuo,

331 3045 369 3096 ut
388 3025 555 3113 diximus,
574 3034 777 3102 Antoninum
791 3030 951 3125 appellari
968 3057 986 3102 a
1008 3030 1169 3104 militibus
1193 3032 1295 3127 juffit.

331 3136 468 3210 Deinde
486 3160 610 3231 corpus
628 3139 795 3212 Antonini
812 3141 958 3214 Romam
978 3137 1101 3214 remisit
1110 3143 1293 3239 ,lepnlcris

309 3243 498 3340 fmajorum
528 3245 752 3326 inferendum.
780 3251 959 3324 Mandavit
987 3253 1129 3352 collegae
1165 3254 1293 3327 dudum

317 3353 392 3428 xsuo
414 3354 576 3428 Praefelio
595 3359 762 3452 pretorii,
775 3375 813 3456 nt
832 3386 955 3433 munus
972 3363 1067 3436 suum
1084 3383 1235 3451 curaret,
1252 3388 1294 3440 ac

329 3465 721 3561 praecipueAntoninum
735 3451 980 3544 honorabiliter
995 3471 1170 3567 sepeliret,
1188 3477 1294 3550 dublo

330 3576 448 3650 funere
469 3578 586 3676 regio.
606 3580 699 3674 quod
715 3578 854 3670 sciebat,
870 3582 916 3654 ob
938 3583 1135 3656 vestimenta
1157 3587 1294 3688 populo

196 3785 200 3795 l
292 3705 295 3723 '
329 3690 558 3787 &congiaria
579 3690 675 3777 data,
693 3687 834 3762 multum
857 3682 1101 3766 Antoninuma
1124 3697 1223 3791 plebe
1240 3697 1295 3768 dt

331 3794 464 3906 lellum.
483 3797 675 3876 Accedebat
689 3798 789 3874 etiam
803 3799 1012 3983 illud,quod
1025 3803 1203 3881 militarem
1216 3829 1294 3882 mo·

1429 1617 1442 2075 i
