2856 4824
267 325 540 404 nuioruuus
566 325 932 402 HELIOGABALUS·
1013 347 1081 423 243

172 494 295 569 XVlll.
315 492 380 565 Hic
395 489 532 562 ultimus
555 486 812 560 Antoninorum
829 487 914 576 fuit,
932 490 1088 587 quamvis

120 600 333 699 cognomine
351 598 464 695 postea
484 596 681 669 Gordianos
701 595 797 668 multi
812 597 1009 674 Antoninos
1030 623 1091 695 pii·

121 727 222 799 ient,
239 709 298 806 qui
316 705 458 794 Antonii
475 705 554 778 dieii
572 703 671 792 sunt,
691 729 762 776 nori
785 704 964 782 Antonini.
988 709 1065 783 Vita
1076 765 1090 800 ,

121 819 299 904 moribus,
313 813 585 913 improbitateita
595 812 753 904 odibilis,
765 833 801 888 ut
810 814 883 910 ejus
896 841 1021 890 nomen
1032 821 1094 894 Se··

121 947 226 1004 nattis
238 927 390 1001 eraserit:
403 949 581 1032 qiieinnec
596 949 662 1022 ego
675 927 888 1001 Antoninum
905 927 1093 1024 vocassem,

122 1038 191 1112 nisi
212 1037 305 1112 causa
332 1035 567 1138 cognitionis,-
584 1059 660 1130 quae
689 1035 784 1134 cogit
804 1036 1000 1138 plenimque
1025 1043 1094 1132 dici
1120 1071 1126 1100 i

124 1143 169 1224 e'a
183 1148 282 1222 etiam
302 1148 465 1236 nomina,
484 1170 559 1241 quae
573 1143 647 1216 sunt
662 1143 798 1219 abolita.
812 1148 933 1222 Occisa
954 1149 1002 1224 est
1016 1177 1093 1227 cuni
1113 1239 1123 1246 ¹
1140 1214 1142 1223 Α

124 1287 181 1352 eo
194 1263 232 1334 δι
251 1278 354 1332 inarer
376 1255 568 1330 Semiamira
583 1255 831 1350 probrosissima
845 1260 964 1332 mulier
985 1266 1023 1339 δι
1040 1263 1094 1336 di.

126 1395 197 1468 gna
217 1367 303 1442 filio.
324 1383 526 1464 cautumque
548 1380 625 1437 ante
646 1363 762 1437 omnia
784 1365 858 1459 post
877 1370 1093 1445 Antoninum
1209 1449 1214 1466 ,

126 1477 410 1574 Heliogabalum,
426 1499 468 1546 ne
490 1499 637 1572 unquam
661 1474 781 1547 mulier
796 1476 954 1550 Senatum
979 1480 1095 1579 ingre·

126 1588 288 1673 deretur,
311 1601 414 1680 utque
433 1579 548 1654 inseris
574 1580 645 1675 ejus
664 1599 766 1676 caput
789 1580 956 1656 dicaretur
981 1586 1095 1660 devo·

128 1713 352 1790 vereturque,
366 1718 536 1790 perquem
554 1693 588 1765 id
602 1690 679 1764 ellet
699 1690 831 1766 fartum.
851 1693 908 1765 De
926 1693 1024 1790 hujus
1042 1701 1096 1774 vi.
1147 1741 1149 1745 -

127 1821 168 1901 ta
188 1802 293 1876 multa
318 1802 353 1875 iii
377 1803 489 1876 literas
511 1804 602 1876 milla
625 1804 701 1876 sunt
723 1800 900 1876 obscoena:
920 1830 995 1901 quar
1016 1811 1096 1906 quia

116 1915 235 2010 'tligna
250 1932 437 2008 memoratu
452 1936 523 1985 non
535 1913 687 2003 'sun‚t,ea
706 1910 813 1984 solum
832 1914 1006 2009 prodenda
1019 1944 1097 1994 ceri·
1208 1927 1212 1934 “

128 2019 205 2107 sui,
225 2043 302 2114 quae
321 2018 363 2090 ad
379 2017 546 2090 luxuriam
567 2018 966 2118 pertineban13q‘uorum
986 2030 1098 2128 aliqua

130 2130 309 2228 privatus,
327 2127 436 2222 aliqua
449 2125 515 2219 jani
530 2130 744 2220 lniperator,
762 2130 872 2204 secisse
886 2135 1099 2232 perhibetur,

131 2257 214 2310 curn
235 2233 304 2330 ipse
327 2234 479 2328 privatus
503 2232 650 2323 diceret,
668 2234 699 2306 se
716 2236 891 2328 Apicium,
912 2242 1099 2335 imperaror

132 2368 226 2422 vero
237 2397 247 2432 ,
259 2345 434 2418 Neronem
445 2397 457 2434 ,
468 2342 663 2432 Othonem,
679 2344 906 2420 &Vitellium
923 2347 1056 2428 imitari.

170 2457 287 2529 .XlX.
309 2455 396 2528 Nam
422 2453 551 2550 primus
573 2455 727 2526 oninium
753 2454 983 2549 privatorum,
1003 2480 1101 2540 toros

134 2568 246 2643 aureis
263 2565 426 2640 toralibus
451 2564 555 2651 teiiir,
574 2565 652 2659 quia
667 2582 748 2639 tunc
769 2590 812 2638 ex
827 2567 995 2642 Antonini
1011 2575 1102 2647 Mar.

135 2678 171 2751 ci
192 2675 389 2746 audoritate
407 2659 535 2746 id'fieri
557 2673 699 2761 licebat,
713 2673 779 2781 ‘qul
802 2697 938 2748 omnem
962 2704 1102 2776 appara·

73 2833 76 2836 -
135 2807 214 2862 iuni
226 2785 480 2880 imperatorium
496 2783 630 2879 publice
644 2784 851 2858 vendiderat.
864 2785 999 2862 Deinde
1018 2794 1104 2868 atti·

138 2922 187 2969 va
200 2894 367 2968 convivia
382 2893 556 2968 coloribus
569 2893 741 2982 exhibuit,
754 2913 790 2964 ut
806 2894 909 2966 hodie
922 2897 1104 2994 prafiniim,

138 3006 304 3091 vitreum,
315 3002 376 3075 alia
390 3002 727 3091 dievenetum,&sic
741 2999 899 3096 deinceps
916 3006 1104 3103 exhiberet,

139 3117 272 3212 semper
285 3116 396 3200 varie,
407 3138 467 3209 per
483 3113 553 3187 dies
566 3138 685 3186 omnes
702 3111 848 3185 aestivos.
866 3114 995 3192 Primus
1009 3122 1109 3193 deine
1159 3208 1162 3214 Ι
1199 3194 1202 3202 s

140 3215 186 3302 de
198 3226 325 3302 mensas
337 3228 374 3300 dt
394 3225 507 3320 capsas
526 3244 695 3323 argenteas
709 3225 847 3299 habuit:
865 3228 1105 3322 primiisetiam

143 3337 301 3413 cacabos.
313 3335 399 3408 Vasa
409 3335 528 3408 deinde
542 3335 732 3410 centenaria
746 3354 901 3432 argentea
913 3336 1056 3432 sculpta,
1068 3342 1107 3414 dt

144 3446 312 3520 nonnulla
331 3445 547 3522 schematibus
568 3443 840 3517 libidinosissimis
861 3445 1042 3540 inquinata.
1065 3451 1108 3523 Et

145 3555 396 3647 mastichatum,
415 3557 452 3630 &
477 3554 680 3652 puleiatum,
707 3559 745 3630 δι
764 3555 879 3627 omnia
908 3554 1003 3646 haec,
1029 3581 1108 3652 quae

144 3663 241 3740 ¹niinc
253 3666 385 3738 luxuria
401 3667 541 3760 retinet,
554 3668 681 3762 primus
700 3665 843 3737 invenit.
858 3665 944 3734 Nam
959 3665 1107 3740 rosatum
1130 3665 1143 3718 J
1245 3665 1247 3672 '

62 3799 64 3804 ·
149 3778 192 3850 ab
212 3776 288 3852 aliis
304 3794 496 3874 acceptum,
511 3776 686 3874 pinearum
703 3773 804 3849 ariani
825 3770 998 3847 attritione
1017 3775 1109 3874 odos

821 3883 905 3983 Qa
