2932 4824
374 349 442 402 na
529 310 1184 400 AEnttlnMPAlDll
1281 315 1290 324 “

370 496 513 562 Graecus
545 486 689 580 scriptor
722 483 794 557 hac
830 483 1051 579 preteriens,
1078 479 1338 564 Diadumenum

371 619 500 672 tantum
522 595 684 670 Caesarem
706 595 789 668 dicit
808 615 948 692 puerum
970 607 988 670 a
1012 591 1175 671 militibus
1204 627 1335 674 nuncu·
1440 686 1441 689 Ἴ

372 725 509 804 patum,
526 708 563 778 δι
582 698 659 778 cum
677 721 770 798 patre
791 703 953 782 occisum.
970 707 1042 779 Hac
1063 705 1175 779 habita
1191 711 1337 784 concio-

372 843 437 906 ne,
450 815 556 888 statim
575 815 663 911 apud
678 811 896 886 Antiochiam
915 834 1054 888 moneta
1066 812 1240 894 Antonini
1254 820 1338 892 Dia·

372 927 509 1000 dumeni
539 923 680 997 nomine
709 923 855 1020 pernulla
887 923 954 996 en:
975 925 1144 1015 Macrini,
1165 927 1273 1022 usque
1299 928 1338 1000 ad

371 1033 491 1131 julium
513 1037 654 1108 Senatus
677 1033 777 1106 diluta
798 1030 1097 1136 eil..Millaeetiaur
1121 1037 1162 1108 acl
1178 1037 1338 1108 Senatum

372 1148 489 1234 literae,
501 1144 621 1242 quibus
636 1165 762 1218 nomen
774 1143 1135 1216 Antoniniindicatum
1152 1143 1339 1240 ellQuaru

372 1253 472 1326 etiam
486 1253 625 1324 Senatus
644 1249 821 1345 imperium
837 1248 872 1321 id
891 1245 1035 1320 libenter
1048 1251 1171 1324 dicitur
1186 1253 1337 1348 recepis-

373 1364 407 1438 se
421 1390 431 1436 τ
444 1360 603 1461 quamvis
622 1359 679 1432 alii
695 1358 864 1434 Antonini
882 1357 1048 1430 Caracalli
1063 1358 1146 1432 odio
1162 1355 1195 1431 id
1214 1359 1338 1434 fcitum

353 1551 354 1554 ,
373 1492 504 1572 putent.
525 1474 706 1554 Paraverat
726 1471 802 1542 sane
819 1469 969 1566 paenulas
988 1467 1119 1565 populo
1135 1469 1267 1574 coloris
1279 1495 1338 1543 to·

373 1581 420 1653 sei
435 1581 511 1652 dare
528 1579 698 1652 Macrinus
721 1581 909 1674 imperator
928 1579 962 1650 in
982 1579 1148 1652 honorem
1166 1575 1338 1652 Antonini

373 1687 434 1762 filii
454 1689 517 1775 sui,
531 1715 606 1787 quac
625 1713 830 1792 vocarentur
852 1694 1107 1778 Antoniniana,
1120 1713 1158 1762 ut
1178 1697 1340 1762 caracalla

321 1819 324 1826 '
373 1800 514 1874 Balliani
541 1800 637 1876 dine
657 1802 730 1874 sunt
744 1856 756 1888 ,
772 1801 940 1890 afferens,
963 1802 1080 1876 melius
1108 1799 1216 1874 filiurn
1245 1803 1338 1874 suum

374 1915 575 1999 Pannlutrt,
592 1912 647 1984 vel
663 1913 876 1982 Penularium
900 1911 1097 2000 dicendum,
1114 1929 1212 2006 quarn
1237 1915 1340 1983 Cara-

317 2085 320 2090 .
373 2026 474 2094 callus
494 2019 574 2092 ellet
594 2019 699 2112 dicius
719 2019 900 2092 Bassianus.
922 2019 1144 2116 Congiarium
1163 2017 1265 2090 ctiam
1281 2039 1341 2115 pet

373 2133 515 2206 edictum
531 2131 803 2206 Antoninianum
823 2131 999 2229 promisit,
1015 2152 1054 2205 ut
1067 2132 1174 2227 ipsum
1194 2131 1340 2206 edietum

266 2307 270 2314 ,
364 2242 500 2338 poterit
520 2241 681 2315 indicare.
707 2237 821 2314 Verba
844 2242 969 2315 ediclit
996 2247 1139 2330 Vellem,
1169 2241 1313 2340 Quirites
1326 2289 1340 2329 ,

365 2347 439 2440 y'arn
449 2351 612 2447 praesentes
626 2345 752 2447 efferum
766 2375 780 2422 c
796 2355 985 2454 Antoninus
1001 2354 1092 2452 vester
1104 2355 1193 2424 robis
1210 2355 1343 2447 congira-

373 2466 454 2532 rium
463 2462 521 2552 fiai
541 2465 684 2534 nominis
707 2467 804 2535 darer.
824 2465 910 2533 darer
924 2489 1067 2555 practerea
1086 2459 1243 2555 &pueros
1262 2467 1341 2531 An·

373 2574 578 2660 cominianos,
594 2570 762 2665 &puellas
781 2575 1056 2657 Antoninianas,
1082 2592 1147 2665 qutc
1167 2589 1233 2638 tarn
1254 2563 1345 2665 grati

374 2682 514 2749 nominis
532 2685 665 2771 gloriam
688 2703 912 2778 propagarent.
934 2681 972 2754 &
996 2679 1137 2776 reliqua.
1256 2702 1259 2707 “

423 2789 479 2858 lll.
499 2787 561 2856 His
581 2786 627 2856 ita
643 2788 765 2888 gellis,
782 2789 872 2886 ligna
896 2791 930 2861 in
951 2790 1062 2863 castris
1081 2783 1118 2863 δι
1134 2780 1265 2861 uexilla
1281 2777 1341 2859 lie·

374 2892 404 2966 ri
419 2894 651 2968 Antoniniana
663 2892 761 2992 juffir.
778 2900 936 2998 fecitque
954 2897 1091 2973 Bassiani
1105 2897 1281 2970 simulacra
1298 2915 1343 2968 ex

375 3027 460 3074 auro
485 3021 585 3101 atque
611 3027 772 3106 argento,
795 3028 898 3107 atque
927 3010 997 3082 dies
1024 3012 1147 3106 septem
1170 3007 1339 3102 supplica·
1441 3033 1442 3098 3

376 3111 426 3184 tio
451 3135 515 3207 pro
540 3117 708 3188 Antonini
734 3118 874 3190 nomine
898 3119 1064 3191 celebrata
1090 3117 1146 3211 est.
1167 3113 1254 3188 Puer
1276 3113 1342 3186 fuit
1441 3181 1442 3212 ἶ

306 3324 307 3328 ¹
377 3221 532 3296 omniunt
559 3225 829 3319 specionlrunm
845 3228 970 3300 {latura
994 3226 1221 3325 longiuscula,
1244 3219 1342 3298 crine

279 3383 282 3392 ,
370 3327 472 3432 ¹llavo
486 3386 497 3424 ,
512 3333 742 3431 nigriaoculis
752 3386 765 3426 ,
784 3338 865 3411 naso
884 3339 1051 3430 deducio,
1068 3339 1110 3412 ad
1128 3353 1264 3411 omnem
1283 3333 1340 3408 dc·

376 3465 493 3516 cotem
518 3464 635 3518 mento
657 3447 873 3542 compostto‚
895 3471 956 3519 ore
990 3448 1032 3518 ad
1060 3446 1174 3520 oscula
1195 3455 1339 3542 parato,

376 3551 474 3624 sortis
491 3554 705 3642 naturaliter,
723 3557 888 3657 exercitio
908 3552 1095 3630 delicatior.
1109 3555 1174 3628 Hic
1192 3549 1253 3628 ubi
1269 3550 1340 3649 pti·
1441 3549 1442 3566 ³

299 3733 302 3738 ,
377 3684 469 3732 ntum
484 3661 679 3736 indumenta
691 3685 815 3738 coccea
830 3667 1069 3764 &hpnrpurem
1084 3679 1264 3762 ceteraque
1281 3681 1339 3735 ca·

379 3770 511 3847 ilrensra
531 3774 663 3872 imperii
684 3773 823 3873 insignia
843 3771 999 3873 accepit„
1020 3776 1111 3875 quafi
1133 3775 1278 3850 riderent
1301 3773 1339 3847 δε
