2932 4824
292 339 569 416 nutoutuus
595 340 909 417 centenius.
1019 328 1117 444 191(
1158 295 1161 306 ’

119 489 201 578 iude
222 503 369 577 Romam
387 499 495 576 rediit.
515 503 615 578 Tunc
639 499 699 600 suli
723 501 814 576 vesse
834 501 1009 578 Senatoria
1029 505 1085 578 lo·
1155 595 1157 602 Ι

104 604 224 689 'ticam
247 615 394 702 habens,
419 639 495 688 cum
527 613 661 686 armatis
691 611 853 686 militibus
877 614 1003 686 curiam
1031 615 1091 688 in-'

119 723 245 820 gressus
261 721 318 796 esi.
332 725 408 796 Hos
423 723 458 794 in
480 721 593 794 medio
615 721 703 794 inter
719 720 868 796 subsellia
883 722 1009 822 duplici
1024 748 1086 796 ot·
1117 740 1127 756 ’·

121 828 202 902 dine
222 828 432 916 collocavit,
452 829 490 902 δι
510 829 554 903 stc
578 829 682 902 verba
698 825 788 904 fecit.
811 829 957 923 Questus
975 831 1022 904 esl
1043 834 1085 906 de

120 935 231 1012 stertis
250 937 375 1016 insidiis
394 938 552 1012 involute
572 939 610 1012 dc
629 936 827 1028 incondite,
850 939 892 1011 ad
910 939 1003 1014 illius
1025 927 1090 1016 ac·¹

120 1048 349 1140 cusationem,
369 1045 419 1120 sui
439 1069 525 1118 vero
542 1043 814 1118 excusationem:
831 1046 925 1142 quod
946 1049 1084 1145 quidem

120 1174 188 1232 ne‘c
198 1159 338 1230 Senatus
354 1156 499 1232 libenter
515 1153 669 1247 accepit,
683 1177 760 1226 cum
777 1153 833 1228 ille
849 1153 1001 1248 diiisset,
1016 1157 1085 1230 fra·
1149 1237 1150 1250 ¹
1261 1181 1264 1188 ·

120 1265 169 1337 tri
178 1264 216 1339 se
233 1265 350 1338 omnia
369 1260 566 1358 permisisse,
586 1258 722 1333 srattem
741 1261 783 1352 ab
802 1261 928 1336 insidiis
947 1264 1085 1340 liberas·

120 1373 176 1465 se,
195 1375 342 1449 &illum
357 1389 471 1444 tamen
493 1370 554 1442 fibi
575 1371 778 1469 grauissimas
800 1371 931 1445 insrdiat
951 1372 1084 1467 fecisse,

121 1506 187 1556 nec
200 1479 313 1554 vicem
329 1479 437 1554 amori
453 1478 628 1552 reddidisse
642 1478 802 1555 fraterno.
1079 1572 1081 1580 y

169 1595 226 1664 111.
247 1591 324 1664 Post
348 1592 418 1665 hoc
438 1591 588 1688 relegatis
610 1591 859 1691 deportatisque
878 1592 1021 1668 reditum
1047 1595 1083 1667 iu

19 1727 22 1733 ’
122 1699 263 1796 patriam
277 1698 447 1772 restituit:
461 1698 539 1772 inde
553 1699 593 1772 ad
613 1702 838 1797 pretorianos
855 1705 1027 1799 procedit,
1048 1709 1086 1779 dc

120 1809 157 1880 iu
177 1809 289 1884 casinis
308 1809 433 1883 mansu.
454 1811 566 1882 Altera
589 1811 643 1913 die
663 1799 871 1908 Capitolium
894 1814 1023 1908 petiit,
1045 1815 1084 1887 dc
1164 1832 1166 1840 ⁴

121 1943 206 2012 eos,
228 1946 315 2019 quos
330 1921 487 1996 occidere
501 1923 657 2018 parabat,
677 1922 855 1998 affabiliter
877 1923 925 1998 est
951 1925 1085 1999 allocu-

122 2047 194 2121 ωε,
214 2028 425 2126 innitensque
442 2030 631 2125 Papiniano
651 2031 689 2104 &
704 2031 845 2120 Ciloni,
864 2033 905 2102 ad
922 2034 1084 2106 Palatium
1099 2060 1101 2062 ·

70 2185 73 2194 .
121 2137 230 2214 rediit.
252 2140 340 2212 Cum
361 2137 498 2210 flentem
523 2155 664 2210 matrem
686 2121 786 2210 Geiae
812 2138 964 2230 vidisset,
990 2141 1086 2213 alias·
1181 2143 1187 2201 ss

44 2338 50 2352 ι
122 2241 188 2344 que
208 2250 385 2340 mulieres,
407 2249 483 2344 posi
507 2247 782 2338 recensentis,
806 2247 964 2322 mulieres
987 2252 1084 2323 occi·
1184 2343 1185 2346 Ἴ

121 2357 199 2431 dete
217 2351 360 2432 conatus
377 2359 447 2432 esi:
469 2353 594 2431 sed'ob
619 2359 688 2432 hoc
707 2351 875 2448 retentus,
892 2361 936 2430 ne¹
950 2383 1086 2456 augere·

121 2487 177 2540 tut
196 2467 306 2542 fratris
320 2468 423 2544 occid
437 2451 625 2543 crudelitas.
638 2472 767 2540 Letum
783 2470 824 2540 ad
843 2485 986 2540 mortem
1003 2493 1086 2540 coe·
1171 2523 1172 2526 ,
1234 2497 1244 2518 t

121 2575 188 2674 git,
216 2577 351 2649 missua
378 2578 410 2650 se
434 2601 589 2650 veneno:
614 2577 683 2674 ipse
709 2579 798 2651 enim
816 2578 913 2648 inter
939 2575 1087 2649 suasores
1200 2609 1203 2614 ·
1237 2569 1239 2574 ’

94 2747 96 2762 ,
120 2688 217 2756 Getae
244 2685 363 2757 mortis
388 2685 516 2780 primus
539 2683 668 2772 fuerat,
693 2686 806 2784 qui&
828 2685 957 2782 primus
980 2685 1087 2758 inter·

119 2812 228 2868 emtus
242 2793 302 2866 esi.
321 2794 389 2888 lpse
410 2811 555 2866 mortem
575 2792 646 2888 ejus
667 2795 840 2891 saepissime
864 2794 968 2868 flevit.
993 2797 1086 2870 Mul·
1118 2794 1123 2802 ’

120 2903 260 3000 tos,qui
279 2903 380 2977 caedis
391 2903 461 2998 eius
473 2904 600 2978 conscii
617 2903 769 2992 suerent,
783 2905 976 2997 interemit,
993 2931 1085 2979 eum·
1119 2977 1122 2983 .

119 3036 186 3111 que
202 3015 240 3087 &
259 3011 436 3110 imaginem
455 3013 527 3108 ejus
548 3015 747 3088 honoravit.
765 3015 842 3086 Posi
861 3016 929 3089 hoc
950 3013 1086 3090 fratrem

14 3217 15 3222 ἵ
120 3122 303 3218 patruelem
326 3121 468 3213 Astutn,
486 3124 541 3198 cui
558 3124 665 3222 pridie
683 3144 791 3221 partes
804 3125 848 3197 de
867 3143 967 3198 coena
988 3127 1056 3200 mis
1069 3167 1086 3184 ·

14 3233 15 3240 '
118 3228 299 3325 rar,.juffir
320 3230 444 3306 occidi.
471 3233 530 3328 qui
549 3257 626 3306 curn
643 3234 676 3306 se
697 3233 928 3330 praeeipitasset
951 3237 1087 3334 percus·

120 3341 236 3413 sotum
262 3339 407 3428 timore,
423 3341 462 3414 δι
482 3342 523 3412 ad
545 3364 687 3413 uxorem
711 3365 806 3414 crure
824 3340 932 3416 fredo
948 3343 1086 3439 erepsrs-

119 3447 192 3538 set,
218 3467 328 3520 tamen
343 3471 412 3546 per
446 3447 668 3552 ludibriuma
691 3450 941 3547 percussoribus
965 3452 1086 3547 depre·
1116 3471 1119 3487 ’

120 3556 243 3630 hensus
254 3557 322 3649 est,
337 3561 373 3632 δι
388 3557 529 3631 occisus.
550 3559 688 3648 Occidit
703 3561 800 3632 etiam
815 3555 1084 3652 Pom'pejanum,

121 3667 227 3740 Marci
253 3687 411 3763 nepotem
426 3721 437 3756 ,
452 3693 494 3738 ex
512 3665 579 3738 filia
601 3669 716 3741 natum
732 3671 769 3740 &
787 3692 828 3738 ex
854 3664 1085 3760 Pompeiano,

122 3777 177 3854 cui
194 3796 302 3876 nupta
326 3775 435 3855 suerat
458 3777 589 3852 Lucilla
614 3777 856 3875 postmortem
879 3775 960 3850 Veri
978 3781 1085 3872 smpe-
1144 3803 1148 3810 ·
