2856 4824
201 301 254 370 g
344 272 414 348 tta
509 227 1251 348 nurrrcnnaurom‘

362 417 365 424 .
633 396 652 424 N

343 432 382 510 in
399 432 555 509 aerarium
570 432 863 526 contulit,dicens
875 489 888 524 ,
898 457 1046 536 gemmas
1056 437 1140 510 viris
1155 434 1232 512 usui
1249 462 1324 512 non

344 543 429 630 effe:
455 561 627 620 matronas
653 563 764 620 autem
792 545 898 644 regias
924 566 1102 620 contentas
1126 547 1193 620 elle
1220 547 1324 620 debe-

272 689 275 698 ·
344 679 384 730 re
404 679 476 728 uno
501 653 669 748 reticulo,
687 675 788 754 atque
803 654 996 744 inauribus,
1017 660 1055 730 bt
1076 657 1222 732 baccato
1243 681 1322 730 mo·

344 764 429 855 nili,
443 769 481 840 &
507 788 660 856 corona,
683 790 763 839 cum
786 791 852 864 qua
875 765 1073 842 sacrificium
1094 766 1324 854 facerent,&

345 874 454 949 unico
474 873 578 971 pallio
598 899 682 948 auro
703 875 840 971 sparso,
858 877 895 949 δι
909 877 1072 974 cyclade,
1088 903 1165 974 qnae
1178 878 1236 950 sex
1255 901 1326 948 un-

289 1061 291 1064 .
347 989 418 1060 cias
433 987 601 1082 auriplus
623 1009 695 1059 non
716 988 863 1061 haberet.
887 989 1028 1062 Prorsus
1055 989 1232 1064 censuram
1257 987 1327 1060 suis

346 1097 561 1192 temporibus
580 1097 621 1168 de
638 1099 786 1194 propriis
805 1099 959 1172 moribus
977 1100 1082 1198 gessit.
1100 1100 1225 1174 imitati
1247 1099 1328 1171 suut

347 1231 428 1284 cum
445 1208 561 1304 magni
575 1206 662 1302 viti,
677 1209 716 1282 δι
731 1231 875 1281 uxorem
889 1206 962 1304 ejus
976 1233 1142 1282 marrona
1157 1210 1325 1306 pemobi·

348 1320 409 1392 les.
423 1317 581 1392 Aulicum
602 1317 822 1392 ministerium
845 1320 880 1392 in
899 1320 932 1392 id
954 1323 1145 1410 contraxit,
1164 1320 1327 1394 mellent

350 1447 405 1504 rot
425 1427 583 1502 homines
600 1427 636 1502 in
653 1427 788 1526 fingulis
799 1431 942 1522 officiis,
955 1452 1044 1528 quot
1068 1432 1238 1539 ncceffiras
1254 1455 1327 1526 po·
1411 1445 1412 1460 ³

352 1537 508 1610 stularet:
528 1539 574 1612 ita
596 1561 634 1610 ut
657 1561 833 1627 annonas,
857 1564 929 1613 non
952 1540 1164 1640 dignitatem,
1187 1540 1328 1635 accipe·

351 1669 429 1722 rant
448 1640 594 1722 suliones
606 1703 618 1736 ,
631 1651 668 1720 δι
685 1649 882 1740 vestitores,
897 1653 935 1724 δι
955 1651 1121 1749 pislores,
1135 1652 1173 1724 δι
1187 1650 1328 1746 pincer·
1411 1639 1412 1656 ³

352 1785 427 1847 nae,
444 1783 563 1830 ornnes
585 1758 763 1834 castrenses
783 1759 944 1859 minillri,
961 1760 1245 1858 quemadmodum
1263 1781 1328 1856 pe·

354 1861 411 1938 ttis
433 1866 490 1937 illa
514 1866 723 1956 institueram
746 1870 801 1942 sed
821 1893 974 1948 annonas
991 1869 1160 1966 singulas,
1187 1868 1248 1938 vix
1272 1869 1328 1940 bi·

282 1973 294 2050 ’,
354 1998 427 2048 nas.
441 1976 489 2046 Et
512 1998 588 2048 cum
609 1997 784 2076 argentum
809 1977 843 2048 in
865 1977 1048 2050 ministerio
1070 1975 1144 2072 plut
1163 1976 1328 2048 ducentis

354 2083 449 2159 libris
472 2109 545 2157 non
574 2085 731 2176 haberet,
754 2112 823 2184 'nec
847 2087 958 2184 plures
983 2086 1178 2177 ministros,
1203 2110 1328 2184 argen-

354 2215 428 2271 tum
454 2198 492 2271 δι
519 2194 690 2271 minislros
710 2216 790 2272 aute
812 2193 951 2293 quaudo
977 2195 1154 2292 poscebat,
1177 2194 1327 2291 accipie·

355 2305 417 2380 bat
442 2306 484 2376 ab
504 2303 640 2378 amicis:
660 2305 756 2405 quod
783 2305 955 2402 hodieque
982 2303 1086 2395 fit,sn
1111 2303 1282 2403 prestatur
1309 2328 1328 2374 a

356 2411 523 2487 Ptaeseslis
543 2411 677 2488 absente
705 2417 925 2508 Imperatore.
951 2413 1151 2509 Voluptates
1178 2409 1332 2484 scenicas

357 2526 396 2597 in
412 2523 585 2600 convivio
598 2547 768 2622 nunquam
789 2523 926 2616 habuit,
943 2525 999 2596 sed
1013 2524 1140 2596 summa
1154 2521 1211 2596 illa
1225 2521 1329 2594 oble·

357 2632 462 2706 slatio
488 2631 574 2722 fuit,
595 2653 634 2706 ut
659 2632 763 2708 catuli
783 2658 860 2706 cum
873 2631 1050 2729 porcellis-
1067 2631 1245 2718 luderent,
1266 2647 1329 2704 aut

360 2739 514 2837 perdices
531 2740 619 2813 inter
636 2739 668 2816 se
688 2759 894 2838 pugnarent,
910 2760 969 2813 aut
986 2765 1067 2814 aves
1086 2741 1240 2837 parvule
1258 2739 1329 2818 sur,-

358 2849 431 2924 sum
451 2849 662 2924 &deorsum
684 2849 881 2924 volitarent.
901 2848 1026 2922 Habuit
1044 2847 1119 2920 saue
1138 2840 1174 2920 in
1197 2847 1331 2921 Palatio

360 2984 465 3032 unum
479 2983 583 3056 genus
601 2959 807 3054 voluptatis,
821 2983 892 3056 quo
906 2958 1054 3030 maxime
1068 2957 1248 3030 deleblatus
1262 2958 1310 3028 est
1318 3006 1332 3042 ,

360 3071 400 3142 δι
417 3087 488 3167 quo
506 3068 749 3142 sollicitudines
764 3068 913 3166 publicas
929 3068 1125 3142 sublevaret.
1141 3065 1217 3140 nani
1231 3067 1331 3139 avia·

361 3177 411 3252 ria
433 3174 619 3252 instituerat
645 3201 843 3274 pavonum,
873 3176 1095 3267 sasanorurn,
1122 3176 1332 3274 gallinaceo·

360 3315 438 3366 rum
450 3305 624 3381 ,anatum,
645 3289 817 3386 perdicum
834 3290 955 3363 etiam:
971 3289 1086 3386 hisque
1098 3291 1332 3367 ‘vehementer

361 3397 611 3484 oblectabatur,
629 3392 776 3471 maxime
794 3399 1029 3494 palumborum
1043 3451 1058 3486 ,1
1071 3423 1160 3493 quos
1182 3394 1332 3468 habuisse

362 3510 405 3584 ad
422 3481 544 3608 viginii
564 3506 669 3581 millia
692 3507 833 3583 dicitur:
848 3509 886 3582 δι
910 3532 952 3580 ne
974 3524 1094 3582 eorum
1117 3505 1225 3601 pallus
1252 3527 1334 3601 gra·

364 3639 459 3694 vacet
472 3643 662 3708 annonam,
682 3617 799 3692 servos
825 3619 944 3690 habuit
966 3618 1164 3716 vebligales,
1186 3614 1250 3712 qui
1269 3639 1335 3690 eos

364 3755 409 3808 ex
428 3729 532 3826 ovis,
546 3755 586 3807 ac
601 3729 800 3829 pullicenis,
814 3755 854 3806 ac
873 3729 1070 3830 pipionibus
1088 3728 1227 3804 alerent.
