2884 4828
303 268 993 396 ·vnnusrnranaron.]
1069 321 1112 422 m

200 479 263 554 IX.
283 479 412 553 Ethaec
432 477 698 554 vitaediverfitas
705 467 829 576 ‚atque
845 481 1045 573 aliamulta,
1063 482 1116 555 in·

16 655 18 672 2
148 611 200 667 ter
213 594 557 667 Marcum&Verum
573 591 752 664 simultates
767 588 897 674 fecrffe
910 614 981 666 non
1001 613 1116 688 aperta
1239 590 1245 601 ⁹

138 704 272 796 raritas
292 702 479 789 indicabat,
499 701 555 810 sed
574 701 730 776 occultus
743 725 862 792 rumor
878 701 1115 782 insusurrabat.

129 797 274 924 (Verum
304 811 390 883 illud
419 811 656 907 praecipuum,
685 811 804 906 quod,
835 833 912 881 cum
942 809 1111 886 Libonem

139 909 313 1014 quendam
338 917 520 1014 patruelem
543 918 635 990 suum
661 919 797 991 Marcus
819 918 993 1016 legatum
985 945 1020 991 ιιι
1041 922 1110 1019 Sy·

145 1026 229 1100 riam
251 1016 402 1116 mififfet,
422 1045 522 1123 atque
544 1025 602 1100 ille
623 1026 657 1099 se
679 1026 878 1100 insolentius
894 1051 1022 1124 ,quam
1047 1053 1110 1101 ve·

145 1134 311 1207 recundus
329 1134 498 1222 Senator,
520 1131 672 1218 efferret,
684 1131 822 1221 dicens,
836 1138 882 1204 ad
894 1133 1013 1223 fratres
1028 1136 1108 1227 [reos

136 1242 326 1337 scripturum
356 1239 434 1366 ff,
445 1242 483 1340 st
467 1245 585 1335 equid
601 1240 687 1331 forre
710 1243 888 1326 dabiram
908 1265 972 1315 nec
994 1245 1105 1317 Verus

88 1383 92 1390 ·
142 1351 288 1449 praesens
302 1371 371 1447 patr
390 1350 522 1445 posset,
536 1351 712 1448 subitoque
730 1354 879 1439 morbo,
897 1369 986 1424 notus
997 1377 1108 1451 prope
1216 1438 1218 1444 ,

142 1483 271 1535 venem
261 1457 513 1532 exfistenribus
520 1457 725 1581 ,interissem
732 1458 839 1532 visum
851 1458 897 1531 est
911 1459 1109 1551 nonnullis,

141 1567 375 1668 (nontamen
401 1565 546 1674 Marco)
575 1567 725 1668 quod
695 1592 768 1662 erus
792 1567 906 1640 fraude
932 1586 1105 1664 putaretur

140 1675 283 1752 occisus.
297 1701 374 1774 quae
389 1701 442 1750 res
456 1675 658 1750 samnitarum
673 1671 768 1750 auxit
779 1700 962 1762 rumorem.
976 1677 1105 1752 Liberti

140 1785 282 1856 m'ultum
301 1801 487 1881 potuerunt
503 1785 592 1880 apttd
614 1787 766 1875 Verum,
786 1787 879 1862 utin
901 1785 972 1861 vita
993 1788 1103 1862 Marci

129 1894 304 1987 diximus,
322 1895 483 1968 Geminas
505 1896 770 1996 &-Agaclytus,
783 1922 841 1972 cur
830 1896 997 1990 dedit,
987 1900 1104 1976 invito

109 2055 117 2064 a
139 2005 281 2094 Marco,
300 2005 441 2078 Libonis
458 2017 611 2080 urrerem.
629 2005 775 2104 denique
797 2006 923 2103 nuptiis
941 2007 985 2081 ab
1006 2013 1103 2082 Vero

138 2113 332 2202 celebratis,
350 2116 484 2187 Marcus
506 2116 678 2188 convivio
702 2141 773 2189 non
795 2117 959 2192 interfuit.
973 2121 1103 2196 Habuit

137 2224 177 2296 ἃ
196 2223 282 2297 alios
295 2223 438 2296 libertos
456 2227 565 2296 Verus
587 2222 788 2320 improbos,
804 2225 988 2300 Codem‘&
1001 2228 1101 2306 Ecle-

137 2333 248 2420 dum,
265 2331 481 2429 ceterosque:
496 2356 584 2428 quos
606 2357 726 2408 omnes
746 2336 884 2408 Marcus
904 2333 980 2430 post
1005 2359 1102 2429 mor·
1161 2407 1162 2410 ,

135 2458 205 2512 rem
224 2441 330 2530 Veri,
350 2439 459 2536 specie
474 2439 618 2514 honoris
633 2438 778 2536 abjecit,
793 2439 930 2513 Ecledo
943 2435 1101 2530 retento,

134 2549 204 2646 qui,¹
216 2549 329 2644 postea
347 2550 578 2622 Commodum
592 2546 699 2621 filiu‘m
715 2547 788 2638 eius
799 2547 940 2622 occidit.
957 2549 1010 2622 Ad
1024 2549 1098 2624 bet-

133 2655 205 2729 lum
228 2655 491 2746 Germanicum,
508 2657 603 2754 quod
623 2657 760 2738 Marcus
779 2655 886 2729 nollet
900 2656 1041 2730 Lucium
1058 2658 1107 2730 sr··

134 2788 178 2837 ne
196 2762 229 2836 se
252 2763 308 2836 rei
329 2763 371 2852 ad
389 2762 515 2836 bellum
534 2763 690 2852 mittete,
709 2765 766 2836 vel
784 2764 818 2835 in
844 2766 937 2838 Urbe
951 2763 1098 2840 dimine·

133 2897 194 2962 re,
208 2870 310 2946 causa
320 2871 486 2960 luxuria,
501 2870 596 2956 fimul
610 2871 752 2971 profedi
766 2871 864 2961 sunt,
876 2889 976 2970 atque
989 2872 1100 2970 Aqui·
1131 2897 1135 2906 ·

132 2979 232 3076 tejam
254 2993 446 3055 venerunt:
455 2979 651 3079 invitoque
670 2981 780 3054 Lucio
795 2974 899 3076 Alpes
914 2981 1099 3078 transgres-

132 3087 182 3179 sa,
194 3113 271 3162 cum
283 3091 393 3162 Verus
404 3088 494 3184 apud
496 3085 700 3184 Aquilelam
709 3099 838 3160 tanturn
852 3087 1002 3161 vertanus
1011 3112 1096 3162 con
1161 3143 1164 3152 ,

132 3195 337 3295 rivatusque
356 3193 460 3284 effer,
479 3198 613 3270 Marcus
631 3211 743 3267 autem
764 3195 882 3272 omnia
904 3195 1097 3294 profpexis·
1112 3289 1118 3296 γ’

133 3302 190 3379 set.
201 3305 260 3380 De
275 3328 347 3430 quo
361 3303 453 3378 bello
472 3291 555 3402 quid
574 3309 634 3400 per
653 3303 782 3402 legatos
797 3305 1020 3394 barbarorum
1037 3331 1097 3402 pa

133 3439 206 3488 cem
222 3413 431 3512 petentium,
444 3413 528 3510 quid
547 3436 607 3510 per
620 3412 726 3487 duces
739 3413 874 3488 nostros
886 3415 1012 3513 gestum
1027 3416 1097 3506 est,

130 3522 167 3596 in
185 3525 302 3598 Marci
307 3524 378 3597 vita
394 3514 577 3619 pleniffime
592 3519 800 3620 disputatum
813 3525 870 3599 est.
887 3523 1096 3620 Compofito

130 3623 245 3710 autem
258 3633 584 3710 belloinPannonia
592 3655 753 3732 ,urgente
766 3636 875 3712 Lucio
884 3632 1095 3732 ,Aquileiam
1241 3732 1245 3739 .

133 3743 277 3837 rediret,
291 3745 387 3843 quod
407 3743 548 3818 urbanas
563 3743 773 3822 desiderabat
794 3745 922 3818 Lucius
936 3741 1095 3842 volunta

823 3863 848 3931 F
875 3880 916 3956 3
1040 3923 1046 3934 ,
