2884 4828
377 489 445 562 lem
458 481 820 572 declinandum-nunc
834 480 875 552 ad
894 477 1028 576 spiritus
1044 474 1334 574 opportunitatem

378 585 439 696 per
462 593 681 692 vertiginem:
711 593 749 666 δι
772 591 838 677 alia
859 587 1143 675 itermetientia,
1169 584 1336 682 humique

379 706 621 793 monstrantia;
649 708 688 780 δι
723 723 832 778 cetera
863 703 956 777 vitiis
988 703 1058 798 ejus
1087 698 1337 776 convenientis.

381 817 542 894 Reddidit
562 839 721 913 preterea
739 811 886 888 dominis
905 837 985 901 eos,
1002 813 1060 908 qui
1080 813 1112 884 se
1131 837 1174 913 err
1200 807 1339 906 privatis

380 929 539 1015 dontibus
557 926 593 998 in
613 925 723 998 aulam
747 911 972 1002 ebntulerant,
991 916 1211 1026 Conuiuium
1231 918 1340 1013 impe·

381 1036 548 1112 rasorium
576 1057 618 1106 err
646 1032 812 1105 immenso
834 1031 876 1104 ml
898 1048 1025 1104 certum
1056 1025 1240 1100 revocavit
1267 1047 1348 1098 tuo·

382 1147 473 1220 dunt.
484 1143 611 1218 sumtus
620 1140 851 1233 etiamomnes
860 1137 1045 1214 Commodi
1054 1136 1340 1236 reddidittlitxem·

335 1255 338 1262 ’
383 1257 444 1355 plo
460 1279 571 1330 aurem
586 1253 820 1352 Imperatoris,
838 1277 916 1326 cum
937 1250 995 1324 ille
1013 1249 1145 1346 parcius
1160 1246 1193 1319 se
1208 1263 1341 1344 ageret,

362 1391 428 1474 ‚ex
450 1366 604 1438 omnium
628 1361 839 1438 continentia
864 1359 976 1436 vilitas
999 1377 1074 1432 nata
1095 1358 1153 1430 est.
1177 1382 1255 1430 nam
1280 1355 1343 1426 im·

384 1475 594 1571 peratorium
614 1474 780 1562 sumtum,
800 1473 899 1569 pulsu
918 1495 989 1550 nou
1014 1467 1221 1558 necessariis,
1235 1467 1279 1540 ad
1293 1464 1344 1537 so·
1439 1499 1440 1574 3

386 1585 440 1672 liti
458 1583 635 1656 dimidium
656 1582 810 1656 detraxit.

448 1689 511 1764 lX.
541 1688 678 1762 Praernia
700 1677 920 1764 militantibus
944 1687 1073 1787 posuit·
1094 1690 1152 1762 AEs
1178 1685 1346 1770 alienum,
1438 1687 1440 1702 ⁴

379 326 448 402 126
571 311 733 396 JULll
769 316 1142 394 CAPITOLlNI

1392 951 1398 971 ‘
1439 939 1440 1010 l

1439 1069 1440 1134 l

1439 1141 1440 1202 l

1439 1425 1440 1490 l

1439 1609 1440 1664 l

388 1801 484 1900 quod
505 1800 617 1895 ptirno
638 1799 769 1897 imperii
791 1821 944 1898 tempore
971 1805 1208 1896 contraxerat,
1226 1794 1348 1869 solvit:
1439 1887 1440 1890 Ἴ

389 1912 544 1986 ararium
570 1911 607 1983 in
632 1911 728 1985 suum
755 1910 873 1984 slatunr
900 1911 1049 1984 restituit.
1077 1912 1128 1984 nd
1152 1933 1257 2007 opera
1287 1933 1350 2004 pu·
1439 1907 1440 1912 ’

389 2020 480 2094 blica
499 2029 628 2092 certum
650 2020 795 2094 sumtum
814 2019 999 2094 constituit.
1022 2018 1260 2120 Reformandis
1286 2015 1348 2090 suis
1439 2017 1440 2080 l

393 2130 576 2228 pecuniam
594 2129 760 2204 contulit:
782 2129 943 2226 stipendia
966 2131 1120 2227 plurimis
1144 2145 1236 2202 retro
1253 2125 1350 2200 debi-

282 2281 285 2290 =
393 2261 428 2316 ta
448 2240 607 2314 exsolvit
629 2239 805 2313 Obeundis
825 2241 997 2337 postremo
1014 2240 1142 2316 cunstis
1159 2235 1352 2311 muneribus
1439 2233 1440 2246 ’

379 2349 512 2426 'liscum
531 2373 644 2446 parem
663 2347 756 2422 secit.
775 2350 994 2424 Alimentaria
1016 2349 1116 2424 etiarn
1134 2346 1352 2446 compendia,

395 2485 473 2557 quae
500 2481 628 2531 novem
655 2479 824 2532 annorum
846 2481 889 2530 ex
912 2457 1067 2531 instituto
1089 2456 1230 2552 Traiani
1258 2456 1353 2530 debe·
1439 2469 1440 2534 l

396 2569 542 2657 bantur,
555 2565 719 2640 obdurata
738 2567 943 2656 verecundia
963 2565 1101 2644 suslulit.
1121 2565 1286 2641 Avaritiae
1303 2565 1354 2636 su·
1439 2623 1440 2663 3

396 2676 548 2773 spicione
571 2674 722 2770 privatus
742 2700 815 2749 non
837 2677 965 2768 caruit,
984 2701 1062 2751 cum
1084 2676 1173 2774 apud
1195 2667 1282 2749 vada
1301 2677 1356 2746 Sa·
1439 2667 1440 2736 Ῠ

396 2785 488 2860 batia
501 2785 662 2880 oppreffis
677 2783 814 2858 foenore
828 2785 1085 2881 possessoribus,
1099 2784 1197 2858 latius
1215 2786 1297 2860 suos
1312 2803 1358 2858 te·
1439 2793 1440 2800 ’

310 2958 315 2968 ,
400 2912 495 2968 neret
514 2891 610 2968 fines.
640 2893 801 2989 Denique
825 2883 868 2965 ert
894 2885 1191 2971 uersuLusiliano
1216 2905 1359 2995 agrarius

401 3001 587 3100 mergoresi
615 3000 812 3099 appellatus.
836 3001 937 3082 Multi
962 3023 1073 3078 aurern
1088 3029 1175 3079 eum
1197 3005 1303 3079 etiam
1328 3006 1360 3078 in
1439 3031 1440 3070 1

402 3110 610 3210 provinciis,
627 3137 711 3209 quas
728 3109 926 3184 Consularis
943 3113 1056 3210 geffit,
1077 3113 1212 3187 sordide
1230 3113 1265 3186 se
1282 3109 1362 3212 egis·
1439 3103 1440 3106 ’

402 3219 436 3295 se
458 3221 494 3296 in
511 3222 622 3296 literas
643 3221 797 3314 retulere.
814 3247 892 3297 nam
909 3223 1106 3296 vacationes
1121 3225 1160 3298 δι
1183 3222 1364 3320 legationes

314 3405 316 3409 ,
403 3332 563 3408 militares
584 3332 706 3414 dicitur
729 3331 924 3407 vendidisse.
947 3333 1106 3431 Denique
1138 3358 1217 3406 cum
1243 3357 1363 3428 paren·
1439 3347 1440 3432 l

405 3457 478 3512 tum
495 3438 671 3513 minimum
687 3438 766 3513 etlet
790 3439 1052 3533 patrimonium,
1068 3444 1105 3514 δι
1118 3440 1216 3512 nulla
1235 3441 1366 3516 heredi·
1439 3467 1440 3518 3

406 3565 458 3622 tas
486 3547 699 3631 obvenisset,
725 3544 836 3626 subito
863 3544 959 3620 dives
981 3546 1029 3620 est
1055 3546 1170 3622 fastus.
1197 3550 1367 3622 Omnibus
1439 3601 1440 3637 ἶ

408 3657 485 3730 sane
507 3657 722 3753 possessrones
739 3655 811 3728 suas
833 3654 996 3744 reddidit,
1015 3657 1136 3755 quibus
1154 3659 1369 3732 Commodus
1439 3639 1440 3716 l

409 3766 595 3855 'ademeram
623 3765 678 3841 sed
706 3787 786 3842 non'
803 3742 872 3842 stne
896 3765 1019 3864 pretio.
1050 3766 1184 3842 Senatui
1203 3767 1369 3868 'legitimo
