2782 4814
361 349 418 404 ΧΗ
540 329 661 402 Htsr.
686 271 806 410 AdG.
831 317 1157 402 SCRIPTORUM‘
1258 359 1259 362 ¹

352 489 458 582 fhlum
477 489 649 560 XXVIII
660 511 767 571 erunt,
787 490 841 583 qni
855 491 1019 560 Valeriani
1038 483 1071 560 δ’
1083 485 1225 560 Gallieni
1236 504 1312 560 tem-⁶
1332 565 1335 572 ,

356 601 481 694 poribus
495 599 628 690 fiterirtt.
658 601 853 692 Quantopere
872 626 962 686 otro,
986 624 1022 670 ut
1039 601 1180 688 alelen,
1199 587 1313 694 ιγιιιι·

359 733 469 780 norum
484 734 625 780 numerus
642 709 804 800 excrescere
812 708 995 804 poteroqfi
1009 714 1107 780 ebeni
1122 714 1219 782 etiam
1235 734 1312 781 tem·

355 820 444 910 poris
461 841 617 907 tyrannos
638 820 747 886 addere
767 816 899 888 licebat!
916 820 984 888 Nec
992 819 1100 910 salum
1121 822 1158 890 de
1181 821 1315 914 triginta

358 931 503 1019 tyrannis
512 978 524 1015 ,
530 926 689 1016 sedetiam
703 931 741 998 dt
757 931 883 998 Claudii
896 933 982 1014 uita,
997 932 1138 1000 iteratam
1151 933 1237 1001 dedit
1248 933 1314 1000 edi·

357 1035 483 1106 tionem.
508 1039 562 1106 Ea
578 1040 721 1129 pleraque
740 1039 776 1106 de
804 1040 938 1108 Claudio
957 1041 1095 1108 recoxit:
1119 1035 1152 1108 δ’
1174 1044 1247 1131 quia
1267 1067 1315 1110 re·

351 1149 614 1237 prebendtbatur,
633 1142 725 1246 qtucfi
750 1150 786 1220 in
809 1153 946 1242 gratiam
968 1149 1139 1247 Constantii
1163 1142 1320 1239 Caesaris,

315 1291 318 1294 ·
357 1253 497 1324 virtutem
512 1247 655 1340 Claudii,
667 1282 688 1324 a
701 1253 896 1344 eujusfiaere
912 1257 1131 1355 Constantinus
1144 1279 1241 1348 partes
1250 1259 1314 1326 du·

329 1393 331 1398 ·
356 1361 459 1450 ttbac,
470 1364 567 1434 nimis
585 1358 764 1460 excubffit5
780 1362 915 1454 subinde
931 1363 1102 1460 isliusmodi
1121 1360 1314 1434 adcredatio·

356 1471 448 1542 nibus
462 1474 598 1544 occurrit.
612 1476 673 1558 Ut,
686 1497 755 1542 cum
768 1475 816 1541 ait
824 1469 952 1542 :Dicat
968 1493 1058 1543 nunc
1061 1467 1137 1564 ,qui
1152 1491 1217 1540 nos
1228 1468 1315 1540 adu·

243 1613 245 1618 ·
355 1574 493 1650 lationis
518 1579 670 1668 accusat,
697 1579 877 1652 Claudium
898 1578 1009 1652 minus
1029 1578 1100 1652 ,effe
1125 1577 1315 1653 amabilem.

355 1687 452 1758 Item:
471 1689 558 1759 Vera
573 1683 641 1761 dici
657 1681 741 1766 fides
763 1684 875 1783 cogit:
890 1685 986 1758 limul
1006 1703 1042 1758 ut
1064 1684 1169 1760 scians
1185 1684 1238 1773 hi,
1254 1685 1380 1808 qui

354 1791 546 1868 adulatores
565 1816 631 1866 nos
644 1791 825 1868 existimari
845 1792 1006 1889 cupiunt,
1018 1792 1079 1882 id,
1096 1793 1190 1890 quod
1205 1790 1330 1866 histo·

354 1902 404 1976 ria
425 1903 493 1978 dici
513 1902 680 1998 postulat,
697 1926 763 1976 nos
781 1927 852 1978 non
870 1920 989 1981 tacete.
1005 1907 1178 1976 Addamus
1191 1904 1317 1995 aliquid

353 2018 389 2086 de
416 2018 481 2088 u'ita
506 2018 671 2088 Valeriani
686 2018 804 2107 patris.
828 2017 870 2086 In
885 2016 1036 2108 plerisque
1056 2018 1138 2086 enim
1162 2015 1315 2084 membra·

246 2143 250 2154 '
352 2127 424 2208 nis,
448 2149 525 2216 quas
550 2121 584 2196 6·
609 2127 763 2196 Robertus
785 2151 808 2194 a
826 2127 925 2198 Porta
941 2123 1067 2214 secutus
1080 2121 1169 2210 fuit,
1193 2124 1260 2192 oica
1280 2147 1315 2192 ea
1379 2153 1380 2156 ¹

244 2260 249 2269 ·
352 2233 499 2304 tribuitur
523 2233 610 2306 lulio
639 2211 832 2326 Capitolina.
858 2233 925 2326 Qui
952 2257 1033 2302 error
1057 2234 1129 2300 inde
1146 2235 1314 2321 prouenit,

352 2347 427 2436 quia
459 2347 558 2414 codex
581 2346 654 2430 ille,
679 2346 760 2414 unde
781 2366 886 2413 omnes
910 2362 1166 2432 promanarunt,
1181 2343 1314 2410 mutilus

350 2478 441 2526 erat:
470 2480 506 2526 ut
532 2459 567 2526 in
591 2481 651 2548 quo
678 2477 786 2579 prater
808 2481 829 2524 a
831 2454 877 2524 lia
904 2451 1135 2549 defideraretut,
1158 2453 1314 2540 quomodo

211 2605 213 2609 ’
344 2587 521 2656 Petarenos
540 2561 647 2650 LXX
665 2566 733 2633 uita
742 2560 944 2638 laudabili
932 2589 966 2632 tn
992 2586 1058 2631 eam
1081 2561 1213 2653 gloriam
1237 2585 1314 2628 con-
1378 2549 1379 2614 ζ

342 2670 454 2764 scendi
477 2696 514 2740 et.
536 2673 610 2740 Hoc
625 2671 700 2760 fuse
721 2676 827 2742 Pollio
850 2671 1014 2761 traderet,
1035 2671 1118 2762 quod
1139 2694 1222 2738 nutet
1241 2695 1314 2740 uet-

349 2784 421 2852 bulo
444 2803 567 2851 tantum
593 2781 768 2872 attingitur
793 2781 924 2847 Prior
911 2774 1026 2870 egitur,
1057 2802 1093 2848 ue
1112 2757 1379 2867 dicebamus,

343 2917 422 2987 pars
440 2895 512 2970 uita
536 2891 700 2960 Valeriani
726 2883 927 2978 deperiit‚6·
951 2911 1015 2956 una
1042 2889 1111 2956 uita
1137 2889 1312 2982 inscriptio.
1377 2911 1378 2970 ξ

302 3029 305 3034 “
352 3006 446 3073 Unde
461 2998 606 3092 facium,
623 3022 657 3070 ut
674 2996 796 3094 rfidua
809 3024 886 3088 pars
906 2999 1069 3084 crederetur
1082 2993 1135 3093 effe
1156 3003 1312 3092 Capitoli·

348 3113 385 3184 ni
393 3164 404 3200 ‚
427 3111 618 3203 cujus·liber
637 3111 841 3182 deMaximi
863 3106 896 3179 δ’
921 3109 1052 3178 Balbini
1076 3113 1143 3180 uita
1163 3115 1312 3203 proxime

348 3220 553 3320 anteeeffirat.
572 3226 685 3295 Credat
704 3222 840 3312 aliquis,
862 3220 961 3290 uitam
981 3223 1144 3290 Valeriani
1160 3221 1312 3314 integram
1376 3247 1377 3252 ¹

262 3331 266 3342 ’
309 3345 313 3352 ’
347 3335 453 3404 baberi
459 3359 547 3427 ,qua
565 3359 586 3402 a
600 3337 704 3427 genere
724 3334 922 3422 Imperatoris
935 3329 1003 3414 ejus
1021 3333 1142 3422 incipit.
1163 3333 1228 3400 Sed
1247 3334 1313 3400 ini·
1376 3357 1377 3396 ι

262 3514 266 3521 x
348 3441 427 3514 tium
437 3441 509 3541 istae
521 3442 556 3510 in
570 3442 747 3512 melioribus
757 3442 944 3510 membranis
954 3437 1151 3532 defideratttr,
1160 3460 1195 3506 ut
1208 3443 1314 3510 omni.-

348 3579 411 3639 rta,
424 3551 623 3651 velutflatua
642 3552 786 3637 cuidam,
806 3573 900 3641 caput
913 3550 969 3618 ltoc
990 3543 1211 3644 appositumstt
1230 3548 1313 3617 Pol·
1375 3615 1376 3652 ,

347 3666 436 3732 lioni.
462 3663 572 3756 Quam
593 3665 692 3754 inepte
712 3682 812 3733 autem
832 3661 887 3730 boc
903 3657 1056 3747 fecerint,
1068 3658 1189 3749 patebit
1211 3654 1317 3750 confir
1375 3655 1376 3711 l

345 3773 484 3864 detenti,
509 3775 662 3866 quomodo
678 3774 746 3846 uita
766 3774 826 3842 illa
851 3774 969 3863 legatur
987 3770 1021 3837 in
1040 3768 1130 3844 codd.
1151 3767 1313 3848 Msseis,
