2884 4828
271 346 322 416 u.
357 339 484 492 tlur.
523 342 971 422 puruosoeuus.
1056 372 1098 442 u

135 499 230 590 ta‘re3
246 505 287 578 ad
306 507 585 580 eumuidendum
605 507 805 598 contendit,
822 508 981 610 susceptis
996 513 1030 586 in
1045 518 1102 590 su
1122 479 1131 490 i

135 635 218 686 natu
242 615 355 690 votis:
374 643 474 715 quae,
495 617 882 720 posteaquam'Romam
905 623 1024 711 rediit,
1044 653 1102 700 πυ·
1132 713 1135 724 ,
1221 635 1236 652 ”

10 809 11 828 2
136 725 204 798 dita
226 728 310 798 Veri
329 728 598 818 transmissione,
619 729 727 801 stetim
750 732 905 806 reddidit.
927 735 967 806 Et
992 739 1103 810 Verus
1228 733 1231 740 ’

134 836 295 933 quidem,
317 837 533 937 posteaquam
558 840 594 911 in
616 841 751 938 Syriam
767 842 889 934 venit,
906 843 948 928 in,
970 846 1102 919 deliciis

10 967 11 976 ¹
135 947 227 1039 apud
254 949 540 1029 Antiochiam&
562 951 731 1050 Daphnen
754 952 860 1043 vixit,
881 954 1049 1054 armisque
1069 953 1103 1028 se
1205 1025 1207 1029 .

135 1055 399 1155 gladiatoriis&
421 1059 600 1132 venatibus
621 1061 792 1151 exercuit,
814 1088 913 1148 cum,
936 1089 994 1161 per
1011 1067 1103 1162 lega·
1177 1157 1186 1171 „

135 1183 190 1238 tos
206 1167 338 1240 bellum
362 1171 552 1246 Parthicum
578 1194 714 1270 gerens,
740 1178 926 1267 Imperator
951 1175 1103 1269 appella·
1172 1262 1176 1268 ¹

135 1291 189 1347 tus
219 1277 318 1349 esset:
340 1303 416 1350 cum
441 1283 578 1352 Marcus
607 1279 700 1352 botis
722 1282 882 1353 omnibus
910 1281 1104 1377 reipublicae‘

135 1387 267 1460 actibus
292 1389 491 1478 incubaret,
516 1375 751 1487 patienterque
774 1390 910 1464 delicias
934 1390 1043 1462 fratris
1065 1395 1105 1466 dc

135 1517 249 1592 prope
278 1494 407 1571 invitus
438 1523 477 1572 ac
508 1499 630 1572 volens
656 1496 772 1574 ferret.
794 1498 938 1596 denique
967 1502 1105 1588 omnia,

135 1632 213 1703 quae
233 1606 276 1678 ad
291 1607 416 1680 bellum
436 1613 534 1683 erant
555 1608 754 1700 necessaria,
777 1601 899 1690 Roma
922 1609 1051 1708 positus
1066 1614 1105 1685 dr

136 1717 300 1814 disposuit
320 1721 476 1812 Marcus,
499 1723 538 1794 δι
557 1720 743 1794 ordinavit.

184 1827 247 1899 IX.
264 1827 375 1900 Gesta
389 1821 466 1900 sunt
483 1851 535 1902 tos
547 1829 584 1902 in
602 1829 761 1904 Armenia
777 1827 1012 1925 prospereper
1028 1830 1104 1902 Sta·

137 1935 221 2006 tium
236 1935 409 2026 Priscum,
428 1939 592 2012 Artaxatis
614 1940 740 2035 captis,
756 1940 972 2037 delatumque
989 1949 1105 2015 Arme·

85 2075 90 2087 ¹
137 2051 266 2118 niaurm
294 2069 420 2118 nomon
447 2046 582 2143 utrique
610 2045 829 2141 Principum:
851 2049 944 2142 quod
971 2053 1105 2124 Marcus

10 2209 31 2233 .,
136 2179 200 2252 per
211 2157 452 2229 verecundiam
465 2157 577 2253 primo
590 2153 758 2229 recusavit
768 2205 779 2240 ,
791 2155 906 2249 postea
922 2173 1031 2229 tamen
1048 2184 1106 2230 re-

136 2263 240 2360 cepit.
266 2259 453 2362 Profligato
479 2285 590 2338 autem
625 2265 738 2352 bello,
765 2283 906 2360 uterque
931 2268 1105 2338 Parthicus

137 2377 325 2472 appellatus
338 2377 395 2451 ell.
412 2379 467 2452 sed
481 2371 548 2454 hoc
568 2377 860 2476 quoque'Marcus
879 2377 1027 2448 delatum
1040 2401 1107 2448 no-

138 2512 218 2559 men
246 2490 464 2583 repudiavit,
485 2489 582 2586 quod
608 2487 722 2583 possea
748 2485 888 2580 recepit.
916 2489 1024 2558 Putris
1039 2515 1119 2580 pa-.

139 2602 207 2669 erio
221 2617 332 2670 autem
347 2621 494 2683 nomen,
517 2597 664 2668 delatum
682 2594 785 2665 fratre
802 2591 954 2680 absente,
972 2594 1007 2665 in
1022 2594 1108 2687 ejus-

137 2705 216 2776 dem
239 2703 448 2802 prosenstam
474 2703 610 2776 distulit.
639 2701 757 2774 Medio
786 2701 867 2776 belli
890 2719 1043 2796 tempore
1069 2707 1109 2780 δι
1232 2767 1240 2782 .

138 2816 295 2894 Ciuicam
309 2835 322 2902 ,¹
335 2834 492 2911 patruum
507 2815 608 2905 Veri,
623 2816 660 2888 dt
677 2813 780 2887 filiam
801 2813 890 2887 suam
909 2833 1108 2908 nupturam,

141 2927 351 3003 commissam
371 2927 497 2998 sororis
514 2925 581 3000 suae
599 2949 708 3014 curae,
727 2923 937 3021 eandemque
952 2925 1110 3021 locuple·
1218 2917 1221 2928 '

140 3025 265 3124 ratam,
285 3034 495 3107 Brundifium
517 3031 621 3130 usque
640 3031 802 3121 deduxit,
823 3033 861 3104 ἃ
883 3033 924 3102 ad
947 3055 1022 3105 eum
1044 3031 1109 3104 mi·

141 3145 193 3219 fir.
217 3148 364 3218 Romam
389 3168 476 3218 vero
507 3143 616 3217 statim
638 3140 758 3228 rediit,
780 3159 965 3214 revocatus
985 3165 1108 3224 eorum

140 3256 373 3344 sermonibus,
392 3257 451 3353 qui
468 3254 649 3345 dicebant,
664 3255 817 3342 Marcum
831 3252 922 3326 velle
933 3249 1018 3326 finiti
1035 3252 1111 3324 bel·
1246 3247 1249 3256 “

141 3369 166 3439 li
186 3367 330 3465 gloriam
354 3365 701 3452 fiblmetuindicare,
725 3380 827 3460 atque
838 3363 970 3438 idcirco
989 3363 1023 3435 in
1043 3363 1110 3458 Sy-

130 3479 226 3554 riam
238 3477 421 3574 proficisci.
434 3479 488 3556 Ad
499 3476 723 3580 Proconsules
737 3474 873 3563 scribit,
895 3503 932 3546 ne
951 3480 1020 3572 quis
1025 3473 1109 3565 filie

134 3594 206 3692 sure
227 3590 432 3686 iterfaciens
450 3614 622 3664 occuparer.
645 3590 735 3660 luter
762 3586 836 3660 haec
858 3583 1009 3656 liberales
1026 3603 1111 3652 cau·
1234 3612 1239 3621 ·

141 3708 190 3778 sa's
213 3703 259 3775 ita
282 3703 453 3789 munivit,
472 3719 511 3774 ut
532 3694 660 3801 primus
676 3699 806 3796 juberet
825 3695 913 3795 apud
932 3693 1113 3792 praefeslos'

146 3814 254 3891 aererii
273 3813 404 3890 Saturni
418 3833 696 3916 unumquemque
716 3810 846 3888 civium
866 3799 1108 3883 natos‘liberos
1143 3802 1148 3819 '
1265 3848 1267 3856 ·
