2782 4814
366 321 410 393 14
512 297 683 371 murt
733 291 1171 370 soluturus

359 461 499 533 deberet
520 456 831 548 locari,‘omnibus
853 457 995 531 studiose
1022 459 1237 532 certantibus.
1264 459 1328 530 Pet

360 571 451 646 idem
465 592 617 666 tempus,
633 571 670 642 in
686 569 855 640 honorem
871 569 1013 640 Plotinae
1031 569 1219 657 basilicam,
1235 570 1328 664 apud

358 678 585 768 Nemausum,
603 701 707 775 opere
722 676 868 750 mirabili
886 677 1060 751 exstruxit.
1076 679 1151 772 post
1172 679 1245 753 haec
1263 679 1334 759 Hl-¹¹

358 791 488 887 spanias
512 787 630 884 petiit,
652 788 904 862 &Tarracone
924 787 1110 864 hiemavit:
1131 788 1188 858 ubi
1214 787 1327 859 sumtu

358 901 420 974 suo
440 899 544 972 aedem
561 897 703 995 Augusti
714 896 880 985 restituit,
893 899 1052 970 omnibus
1065 897 1221 992 Hispanis
1236 897 1326 968 Tar·

340 1033 515 1104 ¹tattonem
531 1006 566 1084 in
584 1030 793 1082 conventum
810 1008 963 1093 vocatis;
979 1008 1209 1103 deleslumque
1225 1006 1325 1098 jocu-

357 1121 482 1207 lariter,
496 1141 534 1194 ut
547 1122 652 1196 verba
666 1119 735 1218 ipsa
750 1121 849 1218 ponit
866 1119 994 1193 Matius
1008 1113 1197 1208 Maximus,
1211 1119 1325 1190 detre-

358 1231 543 1318 nantibus,
562 1228 685 1302 Italicis
707 1225 1150 1315 vehementitl'rme,ceteris
1172 1224 1324 1320 pruden-

356 1361 410 1414 ter
424 1345 461 1415 &
483 1358 581 1414 caute
603 1329 785 1412 c'onsuluit.
812 1339 896 1429 Quo
917 1335 1052 1434 quidem
1071 1354 1226 1430 tempore
1249 1357 1325 1404 non

356 1449 427 1522 stne
443 1449 550 1545 gloria
568 1447 796 1543 gravissimum
816 1443 1001 1540 periculum
1018 1441 1099 1516 adiit
1110 1493 1121 1531 ,
1134 1441 1221 1538 apud
1233 1443 1325 1512 Tar·

357 1581 518 1632 raconem
545 1555 690 1652 spatians
710 1575 772 1650 per
782 1551 954 1648 hospitiva
968 1551 1127 1624 viridaria
1141 1605 1152 1641 ,
1167 1549 1268 1623 servo
1285 1551 1323 1623 in

357 1667 391 1738 se
410 1662 551 1758 hospitis
567 1688 645 1734 cum
663 1663 775 1764 gladio
791 1661 948 1734 sutiostus
966 1661 1135 1733 irruente:
1150 1685 1249 1758 quem
1268 1685 1324 1731 te·

355 1795 487 1848 tentum
505 1775 562 1846 ille
577 1771 1003 1846 ministris'accnrrentibus
1019 1772 1174 1859 tradidit3
1188 1763 1244 1858 ὅτ,
1259 1769 1322 1844 ubl

338 1882 522 1959 isuriosum
538 1881 602 1954 elle
616 1881 766 1956 'constitit
778 1935 791 1972 ,
804 1880 941 1976 medicis
958 1883 1143 1955 curandum
1159 1883 1268 1971 dedit,
1283 1880 1321 1952 in

248 2017 249 2020 ’
354 1995 454 2066 nullo
473 1992 618 2086 omnino
638 2013 842 2066 commotus.
855 1994 916 2065 Pet
940 2017 977 2065 ea
996 2011 1166 2088 tempora,
1182 1996 1218 2065 δι
1239 1992 1320 2065 alias

353 2103 548 2198 srequenter
565 2101 601 2173 in
623 2089 877 2198 plurimis'locis
889 2154 900 2190 ,
914 2101 949 2174 in
962 2101 1085 2199 quibus
1098 2102 1228 2174 barbari
1244 2127 1319 2174 non

351 2211 635 2298 fluminibus‚sed
647 2211 810 2285 limitibus
825 2212 1044 2302 dividuntur,
1057 2213 1224 2309 slipitibus
1247 2241 1319 2289 ma·

353 2323 450 2422 gnis,
465 2324 500 2397 in
515 2322 656 2398 modum
672 2325 809 2399 muralis
825 2324 928 2419 sepis,
943 2323 1092 2398 funditus
1110 2324 1200 2420 jaslis
1215 2341 1319 2424 atque

297 2424 302 2435 ’
353 2433 542 2524 connexis,
553 2434 714 2506 barbatos
727 2435 902 2530 separavit.
916 2429 1093 2506 Germanis
1107 2459 1215 2530 regem
1231 2459 1318 2507 con·

351 2539 477 2636 slituit:
498 2543 611 2616 motus
636 2546 836 2615 Maurorum
860 2542 1071 2636 compressu:
1093 2545 1130 2618 δι
1154 2565 1173 2614 a
1199 2541 1316 2616 senatu

351 2651 614 2748 supplicationes
624 2654 777 2728 emeruit.
793 2654 922 2726 Bellum
932 2655 1137 2726 Parthorum
1153 2678 1212 2749 per
1226 2653 1315 2724 idem

351 2777 484 2852 tempus
507 2759 543 2828 in
563 2778 662 2832 motu
679 2777 809 2832 tantum
826 2761 908 2847 fuit3
925 2763 1027 2860 id'que
1049 2763 1211 2836 Hadriani
1226 2768 1316 2839 cols

353 2864 475 2960 loquio
496 2865 679 2959 repressum
701 2865 757 2938 esl.
1175 2870 1179 2884 '

398 2975 488 3045 Xlll.
503 2969 581 3046 Poll
601 2973 669 3058 hoc
685 2999 745 3074 per
765 2974 873 3048 Asiam
897 2975 1073 3050 &insulas
1094 2980 1312 3075 ad'tlchajam
1382 3069 1383 3072 Ἴ

347 3081 550 3178 navigavit,
580 3084 618 3156 δι
647 3083 813 3156 Eleusinia
840 3086 950 3174 sacra,
975 3088 1132 3181 exemplo
1156 3090 1312 3160 Herculis
1382 3074 1383 3102 ³

314 3203 318 3212 '
349 3192 581 3290 Philippique,
597 3193 759 3292 suscepit:
773 3193 877 3270 multa
892 3200 926 3270 iu
943 3200 1163 3271 Athenienses
1187 3219 1312 3272 contu·
1381 3236 1382 3282 t

349 3302 410 3392 lit,
427 3308 465 3377 δι
484 3327 548 3399 pto
561 3309 766 3402 agonotheta
779 3309 909 3384 resedit.
926 3313 965 3383 δι
980 3311 1016 3383 in
1035 3311 1159 3401 Achaia
1173 3312 1311 3408 quidem

348 3413 449 3490 etiam
465 3414 553 3496 illud¹
567 3415 780 3490 observatum
799 3418 929 3509 ferunt,
941 3412 1057 3514 quod,
1072 3447 1147 3494 cum
1162 3423 1310 3495 insectis

346 3523 445 3592 mtrlti
460 3525 596 3611 ,cultros
622 3527 807 3616 haberent,
824 3552 900 3600 cum
924 3531 1094 3604 Hadriano
1119 3531 1230 3604 nullus
1252 3557 1310 3603 ar·

346 3650 457 3704 matus
475 3631 636 3730 ingressus
656 3635 713 3706 est.
734 3636 811 3708 Poll
830 3635 864 3708 in
889 3638 1032 3714 Siciliam
1054 3642 1254 3738 navigavit:
1269 3645 1306 3715 in

203 3811 210 3824 x
329 3761 412 3833 ,qua
437 3741 572 3815 AEtnam
593 3758 746 3814 montem
771 3743 999 3837 conscettdit,
1025 3726 1166 3822 ussolis
1188 3769 1304 3836 ortum
