2932 4824
289 275 367 402 3182
497 323 655 400 tuan
691 321 1064 400 cnarronrnr

296 485 398 558 deme
419 482 480 558 ubi
498 507 586 557 vero
607 483 641 556 in
665 482 828 559 secretum
846 467 1032 574 venisent,
1046 483 1138 581 quali
1161 499 1261 562 man³

298 596 377 669 data
395 592 533 683 dicturi,
546 591 698 691 quinquae
716 591 908 667 validislimi
931 617 1008 666 eum
1029 593 1263 670 interimerent

261 793 269 812 .
298 700 456 802 gladiolis
479 700 567 776 intra
590 703 714 776 veliem
733 700 924 776 latentibus.
939 705 1013 777 Nec
1032 703 1170 778 illorum
1185 706 1262 803 qui·

300 813 378 884 dem
399 809 481 884 fides
501 811 619 886 defuit
641 815 728 886 Nam
743 836 821 888 cutn
840 814 882 886 ad
898 813 1059 887 Albinum
1074 814 1263 908 venissent,

299 925 340 998 δι
351 921 526 1020 epistolam
537 922 697 1000 dedissent
706 947 791 1022 ,qua
804 925 885 997 leda
895 977 906 1014 ,
915 948 992 999 cum
1006 924 1157 998 dicerent
1170 951 1264 1024 quaa·

301 1033 379 1108 darn
402 1031 559 1108 secretius
584 1035 812 1134 suggerenda,
837 1039 875 1111 δι
894 1035 1009 1110 locum
1033 1035 1197 1108 semotum
1220 1036 1263 1111 ab

301 1141 464 1217 omnibus
478 1143 609 1218 arbitris
634 1145 862 1241 postularent,
876 1147 915 1220 bt
937 1169 1014 1220 cum
1034 1146 1180 1219 omnino
1205 1169 1263 1218 ne·

301 1249 430 1324 minem
461 1271 655 1348 paterentur
678 1251 720 1325 ad
746 1251 916 1348 porticum
939 1251 1163 1350 longiffimam
1185 1277 1263 1326 curn

303 1360 433 1434 Albino
452 1362 635 1462 progredi,
649 1385 688 1436 ea
701 1361 828 1458 specie,
845 1386 889 1435 ne
902 1363 1055 1434 mandata
1077 1363 1265 1458 proderen-

303 1489 381 1561 tur,
400 1471 545 1545 Albinus
561 1471 729 1546 intellexit
742 1472 885 1546 insidias.
906 1472 1069 1570 Denique
1088 1471 1266 1570 indulgens

304 1580 576 1690 suspicionibus,
600 1560 661 1657 ¹eos
675 1581 855 1656 tormentis
871 1581 973 1655 dedit.
991 1581 1052 1680 qui
1072 1579 1129 1654 diu
1150 1581 1265 1678 primo

305 1713 555 1792 pernegarunt,
570 1691 625 1765 sed
650 1691 764 1788 postea
783 1691 863 1764 viui
888 1692 1100 1780 necesitate,
1125 1691 1268 1766 confefl'r

306 1800 455 1890 sumen,
472 1827 547 1900 qua
564 1802 707 1876 Severus
720 1801 836 1876 iisdem
851 1821 1065 1899 praeeperat.
1084 1801 1186 1876 Tunc
1199 1801 1267 1900 jam

307 1911 455 2008 proditis
467 1913 580 2000 rebus,
589 1913 628 1984 dt
642 1910 765 2007 apertis
776 1910 899 1984 insidiis
908 1964 921 2002 ,
930 1933 982 2000 ea,
995 1935 1072 2008 quc
1084 1911 1269 2008 suspicaba-

236 2015 239 2023 '
278 2009 279 2014 ¹
308 2039 387 2111 tut,
404 2021 545 2095 Albinus
571 2021 659 2096 clara
676 2022 740 2095 elle
754 2021 1120 2119 intelligens,exercitu
1141 2019 1270 2120 ingenti

151 2223 154 2238 Ι
308 2131 477 2220 colleslo,
489 2151 610 2206 contra
621 2134 784 2206 Severum
799 2151 899 2230 atque
914 2129 985 2224 ejus
997 2133 1098 2204 duces
1114 2134 1220 2204 venit.

226 2305 235 2312 .
359 2242 422 2315 lX.
451 2243 494 2316 Et
520 2242 634 2339 primo
661 2241 796 2339 quidem
820 2240 982 2316 conflidu
1003 2239 1121 2312 habito
1149 2253 1270 2313 contra

310 2357 413 2432 duces
429 2357 564 2450 Severi,
580 2356 700 2455 potior
712 2356 775 2429 fuit
788 2381 798 2430 r
813 2355 1011 2453 poliautem
1026 2355 1171 2432 Seuerus
1182 2353 1270 2451 ipse,

310 2489 390 2540 curn
405 2466 448 2538 id
459 2464 572 2566 egisset
590 2465 681 2564 apud
692 2465 874 2553 Senatum,
896 2483 933 2536 ut
952 2462 1057 2536 hostis
1067 2459 1269 2554 judicaretur

311 2577 469 2666 Albinus,
481 2593 685 2650 contraeunt
703 2573 872 2672 profusius
882 2628 896 2665 ,
906 2572 1068 2648 acerrime
1082 2572 1271 2648 sortiffime·

311 2710 380 2782 que
401 2685 568 2784 pugnavit
586 2685 620 2758 in
643 2681 781 2773 Gallia,
801 2709 872 2758 non
895 2685 963 2757 srne
979 2682 1140 2758 varietate
1159 2684 1274 2759 fortu-

313 2821 378 2868 nae.
404 2795 566 2891 Denique
590 2819 668 2866 cum
701 2793 865 2874 sollicitus
892 2818 1031 2893 augures
1055 2793 1274 2884 consuleret,

233 2899 234 2902 ¹
313 2903 509 3004 responsum
530 2903 579 2976 illi
600 2903 662 2995 cll,
678 2920 715 2975 ut
731 2902 814 2978 dicit
834 2905 961 2980 Marius
976 2906 1169 2995 Maximus,
1184 2930 1274 2976 ven-
1377 2993 1382 3006 Ι

312 3036 429 3091 turum
457 3013 593 3112 quidem
620 3013 655 3085 in
679 3013 878 3111 potestatem
905 3013 976 3110 ejus
1002 3006 1190 3105 Albinum,
1218 3013 1276 3087 sed

314 3150 390 3198 non
420 3123 539 3197 tivum
569 3147 634 3196 nec
664 3111 864 3197 mortuum:
884 3126 979 3221 quod
1003 3127 1040 3199 dt
1063 3123 1193 3198 factum
1215 3122 1274 3200 cll.

315 3238 404 3311 Narn
420 3259 497 3310 cum
510 3232 661 3306 ultimum
673 3233 833 3329 proelium
846 3233 1056 3333 commistum
1069 3234 1164 3323 esset,
1174 3233 1275 3306 innu-

315 3347 418 3422 meris
437 3345 572 3416 suorum
587 3343 697 3431 caefis,
711 3343 863 3439 plurimis
886 3342 1029 3440 sugatis,
1049 3341 1162 3416 multis
1175 3341 1275 3415 etiam

316 3456 460 3546 deditis,
478 3453 622 3527 Albinus
639 3449 747 3548 sugit:
764 3454 801 3525 δι
812 3506 823 3542 ,
836 3470 872 3524 nt
893 3453 996 3524 multi
1006 3453 1146 3544 dicunt,
1161 3452 1194 3525 se
1207 3451 1277 3546 ipse

315 3567 497 3664 percuffit;
516 3581 553 3636 ut
571 3561 647 3650 alii,
661 3586 679 3632 a
696 3561 795 3633 servo
811 3559 871 3632 suo
884 3561 1054 3658 percussus
1064 3616 1076 3650 ,
1091 3560 1277 3635 semivivus

317 3674 359 3745 ad
373 3676 530 3744 Severum
551 3669 708 3744 deductus
723 3667 781 3741 est.
796 3669 894 3740 Unde
908 3667 1143 3744 confirmatum
1158 3669 1203 3741 esl
1219 3695 1276 3741 au·

162 3889 167 3898 Ι
277 3801 278 3806 ’
318 3779 474 3878 gotium,
487 3777 584 3879 quod
604 3776 712 3854 suerat
737 3795 815 3852 ante
835 3775 1041 3877 pradidttm‘.
1066 3777 1169 3855 Multi
1186 3801 1277 3875 prae·
