2932 4824
216 339 387 434 xreo
509 337 1096 476 Jucmcapraocrnt
1294 291 1296 295 ’
1430 9 1440 430 i

314 529 426 578 rarum
442 499 720 598 ellet,aquilasin
731 499 880 574 hislocis
892 499 1021 588 videri,
1033 501 1069 574 irt
1084 501 1207 602 quibus
1221 519 1279 578 nai

314 633 369 688 tus
390 613 435 686 cll
453 611 627 698 Albinus;
653 609 790 707 septima
810 609 881 706 ejus
902 609 970 684 diei
988 611 1075 685 hora
1093 615 1278 702 convivii,

315 705 412 822 quod
435 718 617 796 celebritati
636 717 731 818 pueri
752 718 1090 837 deputabaturscum
1104 719 1136 794 ei
1157 717 1277 794 fierent

314 830 478 918 nomina,
500 826 623 924 septem
648 824 771 923 aquila
803 825 955 921 parvulae
972 825 1028 899 de
1058 825 1143 900 nido
1166 827 1277 900 allata

313 938 413 1027 sunt,
434 940 472 1012 δι
493 937 584 1034 quali
608 936 650 1008 ad
664 933 778 1029 jocum
800 931 891 1009 circa
909 954 1015 1010 cunas
1034 935 1127 1030 pueri
1148 937 1277 1010 consti-

316 1063 423 1122 tutae:
445 1069 508 1120 nec
526 1045 597 1120 hoc
613 1037 716 1116 omen
738 1059 832 1139 pater
848 1041 986 1128 abnuit,
1000 1043 1060 1140 qui
1070 1041 1157 1136 jtdlit
1177 1044 1276 1141 aqui-

314 1157 364 1233 las
384 1155 450 1241 ali,
471 1157 509 1229 δι
533 1153 712 1250 diligenter
731 1149 851 1224 curari.
872 1151 1017 1224 Accedit
1041 1166 1165 1240 omen,
1180 1152 1275 1248 quod

313 1290 393 1340 cum
420 1250 515 1360 pueri
532 1261 604 1356 ejus
623 1258 758 1333 familiae
782 1259 913 1334 russulis
933 1258 1080 1334 fasciolis
1102 1261 1276 1360 illigaren·

313 1391 390 1462 tur,
404 1373 500 1470 quod
521 1371 611 1446 forte
632 1366 713 1443 lot}
733 1387 833 1466 atque
852 1368 929 1441 udae
951 1369 1060 1442 cuent
1078 1369 1209 1444 ruffulae
1226 1371 1274 1444 la·

312 1479 444 1568 triola,
468 1503 552 1577 quas
573 1495 679 1553 mater
702 1501 876 1580 pregnans
898 1495 1092 1572 paraverat,
1108 1503 1276 1586 purpurea

312 1592 428 1665 matris
457 1589 601 1686 illigatus
621 1587 668 1660 est
694 1586 818 1662 fascia:
842 1587 930 1660 unde
949 1585 1000 1660 illi
1024 1585 1108 1680 joco
1130 1588 1273 1663 nutricis

310 1700 412 1777 ctiam
427 1699 601 1792 Porphyrii
620 1696 747 1768 nomen
770 1693 914 1770 inditum
928 1693 984 1771 eu.
1001 1696 1083 1770 Haec
1097 1715 1195 1794 arque
1208 1697 1274 1770 alia

238 1833 241 1840 ·
310 1807 403 1902 ligna
426 1807 558 1902 imperii
587 1804 691 1880 futuri
717 1803 835 1878 fueret
858 1826 935 1900 quc
957 1804 1016 1903 qui
1041 1805 1137 1906 volet
1156 1805 1274 1896 noffe,

254 1907 258 1917 ’
310 1915 437 1997 AElium
454 1912 609 1988 Cordum
631 1911 738 2009 legat,
750 1909 811 2009 qui
825 1910 953 1988 frivola
972 1911 1069 2010 super
1081 1911 1273 2010 hujusmodi

181 2041 183 2043 ’
314 2020 489 2095 ominibus
511 2020 628 2123 cunda
651 2016 870 2116 persequitur.
968 2085 972 2094 .

362 2132 421 2202 Vl.
436 2127 639 2202 Adolescens
659 2127 760 2232 igitur
773 2125 882 2200 statim
905 2125 938 2200 se
957 2127 1001 2200 ad
1013 2125 1166 2204 militiam
1185 2154 1274 2206 con·

311 2237 516 2336 tulit,atque
526 2237 710 2312 Antoninis
726 2262 789 2334 per
797 2237 941 2310 Lollium
956 2239 1137 2335 Serenum,
1152 2244 1190 2316 δι
1201 2240 1274 2314 Bae·

311 2349 407 2422 bium
426 2349 647 2436 Maecianum,
662 2351 700 2421 &
718 2344 900 2440 Ceionium
922 2347 1173 2432 Postumiamun
1194 2351 1272 2426 suos

311 2459 428 2532 affines
447 2457 609 2533 innotuit.
632 2458 706 2556 Egit
729 2458 905 2534 Tribunus
926 2459 1056 2557 equites
1080 2463 1271 2544 Dalmatas:

311 2570 379 2665 egit
390 2573 428 2644 δι
440 2570 609 2667 legionem
618 2572 928 2664 Quat-ranorum&
947 2570 1202 2648 Primanorum:
1214 2572 1279 2646 ui-

255 2751 258 2762 ,
311 2679 475 2776 thynicos
496 2683 664 2755 exercitus
677 2706 721 2754 eo
733 2698 911 2777 tempore,
925 2704 997 2778 quo
1010 2680 1154 2757 Avidius
1165 2683 1273 2756 rebel·

310 2787 421 2876 labat,
445 2785 587 2859 fideliter
600 2789 718 2860 tenuit.
735 2788 872 2862 Deinde
892 2813 952 2884 per
973 2789 1208 2871 Commodum
1229 2791 1272 2864 acl

290 3002 387 3096 nis,
409 3003 541 3080 celebre
573 3029 701 3080 nomen
728 3006 822 3082 suum
842 3009 991 3106 &apud
1012 3011 1209 3101 Romanos,
1231 3013 1272 3087 δι

263 3115 270 3134 ’
309 3116 412 3212 apud
425 3116 590 3192 Barbaros
616 3116 707 3192 fecit.
729 3117 867 3210 Quibus
879 3121 978 3194 rebus
991 3120 1148 3194 accensus
1162 3123 1270 3196 Corn·

305 3225 452 3312 modus,
467 3225 695 3300 Caesatianum
709 3225 741 3299 ei
755 3251 881 3301 nomen
895 3227 1039 3319 obtulit,
1052 3231 1090 3303 δι
1102 3227 1269 3321 dandilli·

228 3335 232 3406 ζ
310 3331 425 3426 pendii
441 3329 656 3420 facultatem,
672 3335 711 3407 δι
728 3335 818 3428 pallii
841 3335 977 3409 coccini
994 3334 1121 3410 utendi.
1134 3336 1270 3429 Quibus
1343 3376 1348 3386 ι

309 3440 469 3514 omnibus
496 3441 553 3532 ille
573 3443 755 3538 prudenter
776 3441 956 3529 abstinuit,
978 3445 1111 3529 diceus,
1126 3451 1270 3518 Commo·

309 3552 385 3618 dum
405 3575 550 3642 quaerere,
563 3553 617 3643 qui
638 3573 696 3620 aur
712 3576 779 3618 eum
797 3576 831 3621 eo
850 3555 1006 3642 perirent,
1026 3577 1084 3624 aut
1102 3578 1268 3647 quoscum

311 3662 486 3754 causa.ipse
503 3659 603 3756 peffer
626 3664 764 3734 occidere.
782 3659 969 3752 Quaesturae
992 3655 1105 3760 gratia⁴
1117 3662 1167 3736 illi
1185 3661 1270 3736 falla

308 3770 375 3844 est:
386 3795 453 3870 qua
472 3770 648 3868 concello,
658 3771 777 3850 AEdllis
790 3793 864 3850 non
875 3773 1018 3872 amplius
1035 3797 1136 3875 quam
1152 3774 1270 3852 decem

1431 491 1442 1029 ἱ

1435 1612 1442 1783 l

177 2977 179 2994 ι
310 2891 440 3001 Galliae
452 2893 652 2985 translatus,
667 2894 703 2966 in
721 2915 807 2991 qua,
822 2893 899 2969 lulis
921 2895 1029 2970 Frisiis
1043 2895 1278 2976 Transrhena·
1435 2923 1437 2928 ·
