2856 4824
399 29 409 72 s

244 405 522 482 'ANTONINUS
548 397 870 478 DIADUMENUS.
983 416 1054 497 ²27

96 594 177 644 nam
194 593 272 642 cum
292 565 426 664 quidam
445 561 643 638 defessionis
659 563 881 661 suspicionem
900 561 1057 644 incurris·
1136 607 1143 626 ·
1181 581 1184 590 ’

95 680 191 768 sent,
205 681 242 750 δι
258 701 318 750 eos
334 674 507 749 Macrinus
521 673 694 748 saevissime
712 669 874 770 punisset,
895 671 968 748 sisio
985 675 1060 752 for·

94 811 134 864 re
152 788 304 874 absente,
318 807 416 884 arque
434 786 489 858 hic
504 783 660 872 audisset,
674 785 825 857 aussores
847 783 982 881 quidem
1003 787 1060 860 de·

73 987 78 994 Ι
97 897 255 972 sessionis
272 895 422 984 occisos,
439 919 586 991 quorum
613 912 723 966 tamen
742 919 830 968 unus
852 896 922 968 dux
939 899 1060 972 Arme·

100 1009 178 1082 rriae'
197 1025 286 1098 erat,
306 1010 345 1080 &
365 1007 445 1078 irem
467 1005 594 1103 legatos
619 1003 706 1075 Afrae
726 1022 826 1100 atque
856 1007 987 1081 Arabim
1013 1009 1061 1082 ob

100 1115 273 1214 antiquam
294 1114 552 1188 familiaritatem
577 1111 744 1196 dimissos,
765 1113 815 1186 his
841 1114 944 1188 literis
971 1141 1061 1191 ton·

101 1226 231 1298 venisse
249 1243 375 1321 patrem
391 1222 535 1309 dicitur,
554 1222 686 1320 paribus
704 1223 804 1295 miffis
821 1224 919 1296 etiam
934 1229 975 1298 ad
990 1253 1061 1300 ma-

101 1351 212 1424 trem,
222 1355 365 1431 quarum
378 1328 567 1426 exemplum
581 1329 728 1401 historiae
741 1332 836 1402 causa
849 1333 1062 1432 inserendum

100 1441 237 1540 putavi.
268 1443 361 1514 Patri
387 1442 527 1542 Augusto
543 1441 634 1531 filius
659 1439 829 1541 Augustus.
859 1447 934 1514 Nora
952 1446 1061 1537 satis,
1152 1493 1157 1500 -

72 1552 152 1626 ·'mi
168 1573 276 1647 pater,
289 1550 407 1623 uideris
426 1554 461 1619 irr
481 1577 584 1623 amore
599 1551 699 1651 nostro
715 1546 838 1648 rtrruiffi
855 1577 926 1624 tuos
946 1582 1063 1644 mores,

102 1663 160 1756 qui
172 1661 354 1754 tyrannidis
363 1653 508 1755 afflc‘lara
520 1659 658 1752 conscios
670 1661 822 1760 rtfimasti
832 1663 999 1756 ,sperarrs,
1014 1692 1063 1738 tos

102 1776 157 1843 utl
167 1772 329 1842 amiciores
346 1770 400 1836 tisri
407 1768 555 1856 ficturus,
564 1767 602 1864 st
614 1771 656 1838 iis
668 1827 671 1838 ,
678 1795 835 1862 parceres,
855 1779 904 1842 uel
925 1778 962 1844 ob
979 1779 1064 1846 arati·

104 1907 201 1976 quam
209 1877 465 1968 familiaritatem
482 1879 704 1949 dimittendos:
720 1882 803 1974 quad
817 1907 870 1952 rac
888 1887 991 1955 debuit
999 1887 1064 1975 fit.-

104 1991 156 2075 ri,
173 2014 226 2059 rtet
238 1991 354 2080 potuit.
378 1990 466 2056 Nam
482 1990 618 2081 prirrrum
631 1993 781 2060 'omnium
792 1989 867 2078 jam
900 2017 928 2064 rt
944 2001 1064 2068 exulat·
1100 2043 1107 2080 ι

104 2099 170 2168 rari
183 2095 414 2187 fitspitionibus
438 2121 542 2164 amara
563 2121 628 2164 aon
644 2093 781 2191 poffiaat.
803 2102 930 2190 denique
956 2107 1063 2176 trude·

107 2208 199 2274 liores
217 2204 339 2274 inimici
352 2202 446 2293 fitur,
468 2207 523 2295 qui
542 2206 632 2272 obliti
652 2207 759 2274 utteris
775 2203 1014 2301 familiaritatis
1028 2211 1065 2302 st

110 2311 330 2408 inimiciffimis
346 2316 411 2382 tuis
417 2310 605 2398 junxerunt.
618 2316 729 2402 Adde,
743 2319 827 2415 quo'd
841 2318 988 2388 exercitus
1003 2321 1065 2388 ad·

109 2425 170 2494 stuc
188 2426 325 2506 habena,
384 2443 391 2450 '
551 2421 557 2438 '

159 2533 192 2602 Si
210 2550 242 2602 re
256 2529 347 2602 nulla
364 2548 482 2601 movet
496 2545 661 2609 tantarum
676 2529 784 2626 gloria
797 2555 928 2624 rerum,

159 2639 339 2712 Ascanium
354 2639 558 2734 surgentem,
579 2642 614 2711 δι
630 2638 840 2739 spcsbhcrcdis
853 2641 918 2715 Iuli

159 2745 320 2842 Respice,
337 2746 390 2819 cui
405 2770 544 2846 regnum
560 2747 662 2820 ltaliae
683 2749 901 2847 Romanaque
920 2753 1018 2828 tessus

160 2857 326 2930 Debetur.
341 2857 565 2948 Feritrtdisurrt
576 2857 645 2951 isti,
654 2856 692 2955 fi
700 2861 750 2928 uis
760 2855 816 2954 affe
823 2861 963 2951 securus.
979 2869 1079 2940 Nam,

93 2975 190 3048 ¹uitio
204 2972 323 3066 generis
344 2973 477 3050 humaui
498 2973 557 3040 alii
574 2997 639 3040 rtorr
656 2972 738 3063 suat
751 2971 910 3062 casaturi,
927 3003 995 3048 cum
1018 2985 1068 3082 isti

105 3086 281 3177 seruantur.
306 3081 400 3152 Hanc
425 3078 598 3175 ,epistolam
623 3078 757 3173 quidam
782 3080 904 3173 ipsius,
933 3087 1068 3182 quidam

114 3191 257 3288 magistri
273 3188 345 3280 c'jus
364 3189 504 3262 Caeliani
521 3187 745 3276 ferunt,nfri
764 3191 932 3284 quondam
950 3196 1069 3270 rheto-

115 3300 180 3372 ris:
203 3323 246 3370 ex
270 3323 333 3394 qua
349 3315 503 3394 apparet,
523 3317 624 3403 quam
653 3296 745 3392 asper
766 3295 896 3372 futurus
916 3301 1071 3394 juvenis,
1093 3303 1096 3310 ’

115 3409 138 3480 st
165 3407 307 3480 vixisset.
399 3503 402 3508 .
732 3433 738 3444 ’

164 3519 224 3592 ΙΧ.
244 3517 431 3592 Exstarasia
449 3517 588 3614 epistola
606 3517 647 3590 ars
665 3537 803 3590 matrem
820 3516 993 3591 abeodem
1010 3523 1072 3592 de·

116 3627 232 3698 ssinara
246 3628 319 3699 talis
329 3655 337 3698 :
349 3630 516 3700 Dominus
529 3629 626 3726 noster
639 3625 670 3698 δ’
686 3629 844 3728 Augustus
857 3653 910 3696 rtet
922 3614 949 3698 ts
962 3655 1071 3716 amat,

118 3765 172 3808 net
193 3739 294 3829 ipsum
304 3738 361 3829 st,
379 3741 432 3830 qui
450 3741 593 3808 inimicos
603 3739 682 3829 fitur
691 3739 807 3826 servat.
825 3742 893 3827 Age
908 3739 1021 3828 igitur,
1037 3764 1073 3810 ut

119 3845 325 3939 Arabianus,
340 3842 374 3919 cr
392 3849 529 3941 Tuscus,
543 3842 576 3919 ἔν
589 3847 731 3936 Gallius,
749 3848 794 3915 ad
804 3851 915 3935 palum
934 3849 1072 3943 deligam

591 3973 593 3978 ·
809 3951 839 4021 P.
860 3977 880 4022 a
