2856 4824
298 390 568 464 tNTON1Nus
594 389 952 462 HELIOGABALUS.
1039 413 1107 486 245

142 570 201 630 tas
218 551 352 645 jubebat
369 551 586 642 exhiberi‚ut
604 575 667 648 pro
684 549 871 638 nasturtiis,
890 549 1038 648 apia'sltis
1049 605 1059 637 ‚
1071 555 1114 628 &v
1214 593 1217 602 r

149 661 350 751 sacelaribus
360 717 372 754 ,
392 667 430 740 δι
445 662 658 760 soenograeco
675 661 850 736 exhiberet
863 662 972 760 plenis
984 661 1112 740 fabata·
1235 679 1239 687 '

149 769 207 846 riis
224 774 261 847 δι
282 771 395 846 discis:
416 771 511 869 quod
532 771 704 870 praecipue
721 771 920 869 stupendum
940 773 999 847 est.

197 881 293 956 xxt.
314 882 423 954 Canes
448 878 656 974 jecinoribus
674 880 826 954 anserum
848 877 956 978 pavit.
983 871 1112 956 Habuit

148 987 266 1063 leones
290 993 328 1063 δι
349 990 531 1088 leopardos
566 1001 755 1065 exarmatos
778 988 815 1062 in
844 989 992 1066 deliciis:
1018 1015 1115 1090 quos

148 1101 290 1176 edoslos'
311 1126 369 1198 per
393 1099 655 1190 mansuetarios,
675 1099 787 1191 subito
813 1101 855 1174 ad
874 1100 1050 1175 secundam
1071 1103 1112 1177 δι

92 1262 95 1272 -
149 1213 281 1286 tertiam
304 1212 450 1286 mensam
475 1211 613 1306 jubebat
636 1213 854 1302 accumbere,
876 1211 1111 1310 ignorantibus
1212 1215 1215 1222 ’

148 1324 298 1410 cunetis,
318 1323 414 1419 quod
437 1323 597 1396 exarmati
614 1321 739 1412 essent,
759 1325 801 1396 ad
821 1345 985 1418 pavorem
1006 1324 1045 1395 &
1063 1321 1110 1392 ri·

30 1527 34 1534 ¹
148 1429 299 1504 diculum
324 1429 551 1503 excitandum.
578 1431 671 1504 Misrt
694 1434 733 1504 δι
756 1455 840 1504 uvas
860 1435 1049 1529 Apamenas
1075 1429 1110 1502 in
1172 1505 1175 1514 ,
1239 1511 1241 1518 7
1296 1485 1299 1494 Δ

147 1541 307 1640 praesepia
326 1543 422 1640 equis
445 1541 526 1615 suis:
544 1544 581 1616 ὅτ
600 1541 745 1638 psittacis
766 1560 867 1642 atque
884 1538 1015 1615 fasianis
1033 1539 1109 1614 leo-

147 1674 206 1724 nes
221 1650 329 1746 pauit‚
341 1652 379 1724 δι
390 1648 455 1722 alia
468 1648 623 1724 animalia
635 1675 644 1722 ε
657 1649 809 1726 exhibuit
819 1653 857 1725 δι
872 1649 999 1723 sumina
1012 1673 1110 1744 apru-

146 1782 211 1854 gna
223 1783 283 1852 per
291 1757 361 1830 dies
371 1755 487 1830 decem
501 1757 627 1832 tricena
642 1746 797 1854 quotidie
807 1781 884 1832 cum
904 1755 967 1830 suis
980 1755 1109 1840 bulbine

147 1861 255 1964 pisuin
267 1891 342 1941 cunr
358 1866 480 1957 aureis,
495 1863 618 1940 lentem
627 1893 704 1942 eum
713 1867 893 1958 cerauniis,
906 1865 1015 1940 fabam
1030 1891 1109 1941 cum

138 1973 298 2065 eleslris,
317 1977 354 2050 δι
371 1975 499 2048 orizam
514 2000 592 2050 cum
615 1965 888 2052 albis'trrhibens⁸
903 1975 1006 2048 Albas
1020 1999 1106 2072 pra·

148 2085 296 2156 terea‘in
319 2083 430 2157 vicem
452 2082 577 2178 piperis
599 2082 744 2177 piscibus
767 2082 999 2156 &tuberibus
1021 2106 1108 2156 con·

146 2189 271 2286 spersit.
294 2189 467 2287 Oppressit
481 2190 516 2261 in
534 2189 694 2265 'tricliniis
713 2188 924 2266 versatilibus
944 2189 1107 2286 parasrtos

72 2346 79 2356 ·
148 2299 226 2374 suos
243 2299 347 2373 violis
366 2301 403 2372 δι
424 2297 588 2389 floribus,
606 2299 652 2374 sre
676 2319 713 2372 ut
729 2299 875 2373 animam
891 2297 996 2396 aliqui
1015 2297 1127 2370 effla·.
1190 2321 1196 2342 ¹

67 2433 95 2502 χ
148 2405 377 2497 verint,eum
392 2432 527 2503 erepere
540 2410 582 2482 ad
597 2408 761 2482 summum
774 2432 846 2503 non
864 2405 1007 2504 possent.
1025 2431 1108 2479 con·
1262 2445 1269 2458 ι
1419 2481 1422 2488 ,

147 2518 221 2590 dito
242 2516 441 2614 piscinas&
463 2517 545 2602 solia
568 2517 787 2616 temperavit,
814 2519 853 2592 &
874 2513 988 2589 rosato
1006 2539 1106 2612 atque

146 2627 360 2728 absrnlthiato.
375 2625 505 2727 Vulgus
517 2630 557 2702 ad
574 2629 757 2704 bibendum
778 2626 958 2728 invitavit:
980 2629 1017 2704 bt
1037 2627 1107 2722 ipse

147 2763 225 2812 cunr
249 2737 381 2834 populo
398 2755 540 2812 tantum
556 2737 642 2814 bibit
652 2791 669 2828 ,r
684 2757 721 2812 ut
744 2738 779 2812 in
804 2737 932 2834 piscina
950 2736 1037 2810 eum,
1052 2737 1106 2809 bi·

147 2845 227 2919 bisse
245 2844 506 2943 intelligeretur,
529 2845 603 2920 viso
621 2846 715 2942 quod
734 2869 822 2919 unus
832 2841 975 2918 bibisset.
990 2845 1104 2918 Eunu·
1248 2858 1251 2865 '

146 2954 229 3030 thos
242 2979 305 3050 pro
318 2953 538 3051 apophoretis
555 2954 662 3027 dedit:
674 2954 763 3028 dedit
777 2953 973 3052 quadrigas,
985 2977 1106 3050 equos,

146 3064 288 3151 slratos,
306 3063 438 3154 mulos,
457 3061 630 3137 basternas.
654 3066 691 3137 &
712 3063 850 3138 rhedas:
872 3062 962 3136 dedit
985 3065 1023 3137 &
1044 3087 1105 3136 au·

145 3193 222 3246 reos
237 3170 415 3261 millenos,
435 3173 474 3246 δι
497 3191 638 3248 centena
656 3172 775 3271 pondo
798 3171 938 3270 argenti.

192 3280 305 3354 XXII.
325 3281 439 3356 Sortes
458 3279 534 3356 sane
559 3281 758 3360 'convivales
780 3280 917 3380 scriptas
940 3280 976 3355 in
999 3281 1105 3356 eoch-

4 3479 6 3482 .
144 3388 288 3465 learibus
307 3389 424 3466 babuit
439 3391 537 3482 tales,
558 3410 596 3466 ut
615 3393 703 3468 ‘alius
722 3392 896 3467 exhiberet
916 3394 1031 3466 decem
1047 3417 1104 3466 ca-

142 3497 272 3589 melos,
292 3499 377 3574 alius
395 3500 511 3576 decem
531 3499 679 3592 muscas,
692 3501 777 3578 alius
793 3503 909 3578 decem
927 3501 1029 3573 libras
1046 3527 1104 3573 au·

143 3605 195 3696 ri,
218 3605 302 3680 alius
322 3608 438 3682 decern
460 3597 610 3706 plumbi,
625 3609 718 3682 'alius
738 3612 853 3688 decem
876 3607 1108 3699 struthiones,

143 3713 226 3788 alius
246 3716 361 3790 decem
381 3741 452 3790 ova
473 3718 626 3814 pollina,
644 3737 682 3791 ut
700 3743 782 3792 vere
799 3719 904 3791 sortes
923 3716 1049 3808 essent,
1063 3722 1102 3792 δι

144 3821 211 3898 sata
231 3841 457 3900 tentarentur:
478 3829 572 3924 quod
595 3825 731 3925 quidem
754 3827 899 3902 &ludis
923 3825 1102 3928 suiserrhi·
1148 3838 1149 3842 ’

803 3916 954 4048 ‚Qs‘
1072 4019 1075 4030 .
