2932 4824
337 277 582 354 strenus
617 265 959 358 titrentro'tt.
1061 285 1126 360 ιω
1181 315 1183 324 ·

165 441 302 542 quidem
324 465 451 514 annum
474 437 582 513 vixit:
600 463 677 512 nam
697 441 738 512 ad
753 439 931 535 imperium
953 440 1059 518 senex·
1070 475 1131 524 ve·
1251 435 1273 500 ·’

167 552 242 651 nit)
258 575 408 648 cumque
428 549 556 645 potitus
577 549 656 622 effet
671 547 706 620 in
722 549 855 623 circulo
874 550 1004 650 ingenti
1022 582 1131 655 ereo,

167 666 227 738 diu
249 663 385 756 soluo&
400 663 573 736 destitutus
591 661 696 736 stetit:
717 687 795 737 cunr
817 683 989 739 vereretur
999 685 1133 766 nutem,

168 801 212 850 ne
226 799 376 874 preceps
392 790 520 864 rueret,
537 771 657 848 aJove
679 773 711 846 se
733 793 895 850 vocatum
913 774 1018 868 vidit,
1033 796 1133 878 atque

168 883 257 960 inter
274 885 470 959 Antoninos
487 882 648 957 locatum.
661 883 733 958 Die
746 884 954 958 Circensium
972 911 1050 960 cum
1065 908 1134 968 ttet
1208 963 1211 976 ,

169 997 332 1070 vittoriae
345 1020 441 1068 more
454 992 556 1067 solito
569 993 673 1067 essent
692 993 813 1068 locatae
825 993 958 1094 gypsea
973 1023 1049 1072 eum
1063 1001 1137 1100 pal·¹

164 1104 251 1192 tois,
267 1103 398 1190 media,
416 1127 491 1200 quae
510 1099 612 1196 ipsius
633 1099 773 1172 nomine
792 1101 990 1197 adscriptum
1012 1107 1133 1184 orbern

168 1216 290 1315 palmis
310 1213 468 1302 tenebat,
481 1230 590 1300 vento
604 1210 686 1299 itta,
700 1212 742 1282 de
760 1211 866 1304 podio
883 1209 968 1286 stans
986 1217 1135 1310 decidit,

168 1328 210 1400 δι
229 1321 324 1395 humi
335 1319 487 1395 constitit
499 1345 509 1393 r
522 1341 647 1418 eaque,
661 1341 737 1414 que
751 1321 848 1391 Getae
862 1321 1001 1396 nomine
1020 1325 1137 1402 inscri-

168 1452 230 1532 pta
247 1441 344 1517 etati
367 1429 521 1521 corruit,
547 1431 586 1504 δι
608 1429 721 1503 omnis
748 1429 958 1504 comminuta
985 1433 1055 1507 este
1077 1438 1137 1512 itta

169 1565 259 1619 vero
270 1565 368 1636 ,qua
383 1539 523 1612 Baffiani
545 1537 680 1615 titulum
700 1537 897 1636 proferebat
907 1593 919 1628 ,
936 1542 1047 1616 aniissa
1063 1547 1136 1642 pal·

170 1676 227 1726 ma
250 1648 345 1723 venti
366 1649 499 1722 turbine
519 1647 580 1730 vix
604 1647 765 1723 constitit.
784 1650 862 1723 Post
885 1678 1018 1727 murum
1043 1659 1136 1754 apud

171 1761 304 1836 vellunt
334 1742 466 1830 mittin
495 1757 530 1830 in
555 1757 749 1847 Britannia,
771 1779 848 1834 cum
874 1762 917 1832 ad
942 1763 1136 1858 proximam

171 1869 381 1944 mansionem
392 1866 545 1958 rediret,
558 1889 629 1940 non
644 1865 753 1939 solum
774 1867 901 1960 vikior,
913 1869 968 1942 sed
982 1873 1081 1949 etiam
1098 1877 1136 1950 in

144 2047 146 2056 ,
173 1997 335 2054 aternum
350 2001 433 2075 pace
447 1975 599 2065 fundam,
610 1975 759 2052 volvens
770 1976 898 2066 anino,
912 1977 997 2076 quid
1010 1984 1137 2060 ominis

164 2089 235 2164 ¹fibi
257 2105 471 2175 occurreret,
485 2083 792 2182 AEthiopsquidarn
815 2109 834 2158 e
854 2111 997 2161 numero
1011 2093 1137 2173 milita-¹

174 2202 204 2276 ri
213 2253 225 2292 ,
243 2200 342 2276 clarae
362 2199 450 2270 inter
462 2196 591 2271 scurras
610 2195 726 2280 farne,
740 2197 1035 2284 &celebratorum
1051 2204 1138 2277 senr-

177 2335 236 2410 pet
259 2307 437 2407 jocorum,
458 2331 535 2384 cum
556 2331 687 2385 corona
708 2331 728 2379 e
747 2307 902 2404 cupreffu
923 2308 1008 2383 faita
1027 2312 1137 2390 eidem

171 2423 324 2498 occurrit
338 2447 348 2496 t
363 2445 464 2522 quent
489 2446 567 2496 curn
589 2419 646 2496 ille
667 2419 768 2494 iratus
788 2423 958 2494 removeri
979 2424 1022 2496 ab
1045 2422 1161 2498 'oeus

175 2533 218 2607 lis
231 2529 457 2629 precepisset,
470 2531 508 2604 δι
523 2527 653 2603 coloris
668 2525 738 2620 ejus
751 2529 853 2600 tatius
871 2529 1005 2618 omine,
1020 2533 1058 2606 δι
1070 2549 1139 2607 con
1211 2565 1216 2572 -

169 2657 292 2726 tonte,
312 2636 429 2710 dixiffe
450 2636 506 2709 ille
523 2635 646 2710 dicitur
665 2634 736 2730 joci
758 2636 871 2721 causa,
889 2641 1002 2712 Totum
1016 2640 1112 2742 fuisti
1124 2665 1140 2714 t

175 2753 276 2823 totu'nr
298 2748 399 2850 vicisti
410 2772 424 2816 .·
441 2745 514 2834 jam
533 2747 627 2816 Deus
644 2745 701 2845 esto
723 2747 828 2834 ridor.
851 2749 894 2818 Et
910 2746 950 2818 in
966 2747 1140 2824 civitatem

176 2858 338 2946 veniens,
353 2882 430 2930 cunt
450 2879 520 2928 rem
541 2854 693 2928 divinam
719 2854 823 2930 vellet
836 2855 969 2944 facere,
992 2858 1139 2954 primunr

156 2971 220 3042 nd
241 2965 389 3040 Bellone
409 2966 571 3062 templum
590 2966 704 3040 dunos
725 2965 796 3056 est,
817 2961 933 3038 errore
955 2965 1139 3065 haruspicis

178 3077 317 3166 rustici,
336 3077 458 3152 deinde
477 3076 594 3151 hostiae
617 3077 728 3150 fnrvae
747 3076 821 3149 sunt
835 3077 1020 3176 *applicita
1045 3078 1140 3178 quod

179 3185 358 3264 euni-effet
371 3189 583 3284 aspernatus,
604 3207 704 3286 atque
717 3189 758 3281 ad
778 3189 940 3270 Palatium
962 3189 993 3262 se
1009 3191 1141 3285 recipe·

180 3319 253 3389 ret,
272 3299 473 3398 negligentia
491 3299 721 3372 ministrorum
737 3298 840 3396 nigrae
855 3299 971 3373 hottiae
983 3300 1086 3397 usque
1099 3297 1159 3372 ad'

63 3427 67 3438 ·
163 3407 287 3480 'limen
304 3409 599 3483 domusPalatinae
621 3411 861 3506 Imperatorem
883 3411 1004 3485 secutae
1028 3412 1114 3484 sunt.
1145 3459 1152 3476 i

230 3515 356 3590 xxttt.
376 3519 461 3590 Sunt
475 3514 705 3614 perplurimas
718 3519 991 3615 civitatesopera
1008 3515 1078 3612 ejus
1090 3520 1142 3594 in-

128 3651 131 3655 ·
170 3623 297 3726 fignia.
312 3639 476 3724 magnum
489 3651 576 3702 veto
598 3625 731 3704 illudio
750 3626 913 3716 civitate,
935 3627 1028 3724 ejus,
1044 3631 1146 3736 quod

255 3733 383 3834 Scriptt.
406 3741 453 3814 H.
476 3743 525 3816 A.
752 3779 758 3788 ·
861 3811 862 3814 ,
897 3738 926 3810 L
