2932 4824
206 269 208 276 ’
318 301 929 412 savanusrnrrnnron
1048 321 1112 407 ut
1224 357 1256 394 „
1340 301 1345 311 ’

156 475 194 552 &
211 473 461 560 abstinentiam,
478 491 606 546 tantum
623 525 634 562 ,
653 492 817 570 quantum
835 495 958 563 nemo,
978 474 1117 552 dilellus

158 585 216 662 cst.
245 584 382 658 Deinde
408 584 597 655 Pannonias
626 582 863 680 proconsulari
891 584 1035 679 imperio
1062 612 1118 659 re·

159 698 221 770 xit.
240 697 317 771 Post
335 697 404 769 hoc
421 695 568 769 Siciliam
585 696 859 792 proconsularem
875 694 964 767 sorte
979 699 1120 773 metuite

162 805 367 904 suscepitque
383 807 502 877 Romae
520 807 660 878 alterum
681 803 801 878 filium.
822 807 860 877 ln
879 803 1008 894 Sicilia,
1028 804 1120 902 quasi

53 911 56 917 ’
163 915 204 986 de
222 914 364 1008 imperio
390 913 444 988 vel
472 933 587 999 vates,
609 915 665 985 vel
684 916 863 987 Chaldaeos
885 913 1122 1008 consuluisset,

163 1049 240 1097 reus
259 1024 383 1113 sadus,
406 1025 496 1120 apud
516 1021 694 1094 Praesedlos
719 1025 897 1118 pretorio,
920 1024 1042 1120 quibus
1062 1050 1124 1097 aue
1217 1058 1243 1090 ψ

165 1137 305 1209 diendus
324 1137 419 1208 datus
437 1134 566 1224 suerat,
584 1132 648 1226 jam
665 1135 862 1205 Commodo
881 1137 916 1206 in
933 1137 1049 1209 odium
1064 1163 1125 1211 ve-

166 1247 301 1329 niente,
314 1244 485 1316 absolutus
502 1244 566 1330 est,
579 1241 821 1316 calumniatore
838 1243 873 1314 in
891 1270 1027 1320 crucem
1041 1250 1127 1326 aslo.
1181 1335 1183 1340 Ι

169 1353 394 1427 Consulatum
415 1375 493 1423 curn
519 1349 689 1445 Appuleio
706 1349 836 1423 Rufino
868 1351 1011 1446 primum
1037 1357 1130 1452 egit
1124 1371 1129 1384 ¹

170 1463 369 1538 Commodo
387 1461 446 1532 se
437 1467 524 1533 rotet
541 1459 706 1556 plurimos
724 1461 925 1558 designante
941 1463 1016 1534 Post
1033 1468 1129 1538 Con·

162 1571 336 1656 sulatum,
359 1593 450 1642 anno
472 1568 576 1641 serme
594 1567 660 1641 furt
684 1570 804 1640 Romae
822 1569 971 1642 otiosus
991 1573 1130 1696 deinde,
1234 1563 1239 1583 ⁸

172 1685 268 1754 Laeto
283 1679 499 1777 suffragante,
512 1661 672 1752 exercitui
688 1679 894 1754 Germanico
908 1683 1132 1778 preponitur

172 1787 391 1862 Proficiscens
412 1789 451 1860 ad
471 1787 694 1860 Germanicos
711 1789 894 1878 exercitus,
912 1789 1032 1864 hortos
1055 1791 1134 1886 ··spa

175 1899 281 1972 tiosos
294 1898 522 1992 comparavit,
535 1922 611 1970 cum
630 1915 726 1969 antea
742 1898 827 1970 redes
844 1899 1047 1974 brevissimas
1060 1903 1134 1976 Ro·

176 2035 241 2082 mae
261 2006 442 2096 habuisset,
458 2009 496 2081 δι
513 2033 617 2079 unum
635 2008 789 2079 fundum.
803 2009 840 2078 ln
864 2009 914 2079 his
927 2009 1036 2092 hortis
1055 2034 1135 2086 cunt

178 2117 273 2192 humi
287 2116 398 2210 jacens
416 2116 604 2210 epularetur
621 2140 699 2187 cum
715 2113 792 2185 siliis
813 2139 910 2215 parca
933 2138 1052 2204 coena,
1073 2145 1136 2214 po.
1168 2103 1172 2113 ’

179 2253 298 2326 niaque
318 2225 467 2324 apposita
481 2223 590 2320 major
605 2223 713 2313 filius,
725 2225 784 2321 qui
806 2226 1138 2323 tunc'quinquennis

180 2360 252 2414 erat
264 2393 275 2429 ,
289 2365 365 2412 curn
380 2337 604 2411 collusoribus
615 2337 761 2431 puerulis
775 2362 877 2410 manu
890 2337 1033 2434 largiore
1049 2339 1138 2411 divi·

182 2453 276 2524 deret
286 2499 298 2538 ,
308 2468 465 2544 paterque
476 2447 570 2518 illum
581 2447 827 2541 reprehendens
841 2445 990 2532 dixisset,
1002 2441 1139 2520 Parcior

182 2567 308 2648 diridc5
331 2565 498 2632 nonenim
526 2565 625 2654 regias
655 2585 725 2652 oper
742 2555 894 2653 poffides:
910 2557 1140 2655 quinquennis

182 2692 268 2770 puer
279 2668 476 2764 respondit,
487 2674 550 2738 Sed
559 2667 722 2762 poffidebo.
744 2670 779 2736 ln
794 2667 1008 2738 Germaniam
1021 2667 1142 2762 prosed
1193 2695 1195 2702 ’

183 2785 274 2867 slus,
289 2779 336 2848 ita
356 2779 388 2848 se
402 2777 438 2848 in
459 2800 497 2848 ea
515 2777 682 2871 legatione
701 2775 788 2872 egit,
807 2773 1000 2871 utsamam,
1016 2777 1143 2851 nobili·
1217 2783 1218 2788 ’

185 2913 288 2968 ratam
311 2887 376 2984 jam
395 2881 497 2973 ante,
518 2887 714 2960 cumularet.

248 3007 294 3078 V.
309 3001 351 3072 Et
364 3000 522 3072 haetenus
534 3023 605 3068 rem
620 2997 796 3068 militarem
813 2995 964 3091 privatus
978 2996 1058 3094 egit.
1070 2999 1145 3071 De·

187 3111 268 3186 hinc
280 3106 518 3200 aGernranicis
529 3104 731 3202 legionibus,
743 3104 799 3176 ubi
812 3105 959 3176 auditum
967 3106 1025 3190 esl,
1039 3107 1145 3178 Com·

188 3221 331 3295 modum
352 3217 524 3301 occisum,
545 3215 711 3288 lulianum
732 3233 842 3285 autem
862 3239 938 3286 cum
957 3215 1040 3287 odio
1060 3239 1147 3287 cuna

192 3327 361 3404 crorum·
352 3351 538 3424 imperare,
565 3324 678 3396 multis
695 3307 953 3409 borrantibus,
956 3347 1148 3419 repugnans
1247 3307 1253 3319 ¹

192 3445 378 3534 Imperator
401 3435 448 3508 est
475 3434 657 3531 appellatus
682 3434 780 3550 apud
796 3435 1004 3519 Carnutum,
1036 3434 1148 3504 ldibus

195 3544 360 3644 Augustis
378 3537 560 3640 quingenta
579 3540 743 3624 sestertia,
754 3523 852 3637 ·qu'od
874 3565 976 3613 nemo
997 3561 1150 3636 unquam

193 3655 409 3749 Principum,
432 3650 591 3723 militibus
607 3650 710 3720 dedit
728 3650 862 3720 Deinde
872 3648 1150 3738 ,firmatis,quas
1261 3733 1262 3738 ἵ
1368 3673 1370 3676 ·

196 3765 273 3864 post
294 3782 426 3859 tergum
442 3761 673 3861 relinquebat,
689 3757 901 3856 provinciis,
920 3757 1095 3830 Romam
1086 3776 1151 3832 tter

243 3875 379 3982 'Scripta
404 3875 451 3965 H.
473 3877 519 3943 A.
903 3867 939 3935 K
