2932 4824
288 293 537 378 sRvRRus
563 303 901 417 ιιιιιιιιτοιι
1021 331 1098 406 ις,

168 460 249 537 ΧΧ.
268 461 394 571 Legille
416 481 469 534 rne
491 463 579 558 apud
597 463 722 536 AEliurn
745 466 899 538 Maurum
921 463 1089 562 Phlegon·

118 569 163 646 tis
183 560 349 646 Tralliani
362 574 516 648 libertum
532 575 690 671 memini,
712 575 913 674 Septimium
926 578 1089 651 Severum

94 675 449 774 'immoderatillrnre,
473 709 549 758 curn
570 703 779 773 moreretur,
799 683 971 771 laerarunr,
993 685 1089 782 quod
1172 731 1200 787 Ι·
1246 721 1251 728 ¹
1326 719 1330 730 ι

53 841 64 852 -
119 789 208 896 duos
229 790 426 864 Antoninos
446 793 516 889 pari
531 792 679 889 irnperio
704 790 898 889 reipublice
916 792 1088 888 relinque

120 919 192 989 ret,
207 901 366 998 exemplo
384 902 455 990 Pii,
475 902 533 1000 qui
559 906 686 976 Verum
705 903 742 974 δι
762 901 918 974 Marcum
932 902 1090 976 'Antoni-

119 1033 187 1084 nos
206 1035 265 1106 per
282 1010 502 1112 adoptionem
520 1009 610 1086 filios
625 1011 827 1106 reipublicae
843 1011 1002 1110 reliquit:
1019 1012 1088 1086 hoc

96 1118 262 1206 melius,
287 1120 381 1217 quod
401 1120 456 1190 ille
478 1117 654 1215 filios-per
680 1118 926 1214 adoptionem,
954 1120 1009 1194 hic
1030 1144 1090 1215 per
1157 1182 1159 1188 .
1181 1169 1183 1175 -
1247 1189 1251 1204 ,

122 1227 156 1301 se
166 1229 302 1328 genitos
314 1284 326 1319 ,
339 1231 485 1302 redores
502 1231 667 1304 Romanae
682 1228 875 1324 reipublice,
890 1230 1089 1322 daret,·An-

121 1340 285 1412 roninum
304 1338 430 1412 scilicet
457 1337 664 1428 Hadranum,
687 1363 788 1434 quern
811 1363 853 1410 ex
876 1339 991 1434 priore
1014 1367 1088 1412 ma·
1215 1399 1217 1404 ,

120 1448 291 1528 trimonio
312 1447 517 1544 susceperat,
536 1451 573 1524 δι
594 1452 735 1544 Gerana,
753 1473 851 1543 quem
872 1448 913 1520 de
933 1449 1017 1522 Julia
1035 1475 1090 1547 ge·

122 1575 253 1630 nuerar.
278 1557 344 1628 Sed
366 1555 462 1630 illurn
479 1558 623 1644 multum
645 1558 717 1654 spes
738 1555 865 1631 fefellit.
886 1580 962 1630 narn
975 1565 1089 1630 ‘unum

121 1664 359 1764 parricidium,
375 1665 516 1740 alterum
536 1665 584 1738 sui
605 1689 717 1738 mores
741 1664 935 1762 reipublice
956 1665 1090 1742 invide·

122 1797 226 1848 ιιιιιι·
250 1774 465 1872 {andiumque
484 1772 571 1847 illud
592 1799 721 1846 nomen
746 1774 781 1846 in
803 1773 898 1846 nullo
920 1773 977 1846 diu
1004 1776 1090 1848 bene
1171 1811 1174 1818 ’

123 1884 254 1958 mansrr.
277 1886 319 1958 Et
342 1884 510 1981 reputanti
538 1883 645 1974 mihi,
673 1883 893 1958 Diocletiane
919 1885 1090 1982 Auguste,
1160 1873 1162 1880 Δ

49 1989 52 1995 ’
124 1993 295 2067 neminem
317 2019 426 2094 prope
451 2019 651 2092 magnorum
676 1993 835 2073 virorum
855 1994 1023 2088 optimum
1052 2001 1089 2072 da

110 2101 241 2174 utilem
256 2102 363 2176 filiurn
377 2103 544 2202 reliquiffe
557 2101 630 2176 satis
645 2103 758 2175 claret.
774 2102 934 2198 Denique
950 2124 1007 2178 aur
1021 2086 1099 2178 srne
1121 2120 1124 2128 “

123 2209 296 2286 liberis
262 2214 326 2288 vrri
345 2215 567 2304 interierunt,
588 2232 644 2286 aur
669 2213 751 2285 tales
774 2211 979 2286 habuerunt
990 2215 1089 2310 pleri·

124 2345 213 2417 que,
234 2342 270 2395 ιιι
292 2323 411 2394 melius
430 2322 531 2396 fuerit
545 2323 586 2396 de
606 2321 704 2398 rebus
721 2320 875 2398 humanis
893 2321 961 2395 fine
977 2323 1089 2420 polle·
1115 2416 1117 2421 1

122 2430 224 2504 ritate
245 2432 422 2514 discedere.

174 2543 270 2614 XXI.
288 2537 329 2612 Et
343 2561 382 2614 ur
394 2540 566 2616 ordiamur
579 2565 598 2612 a
610 2539 763 2611 Romulo
775 2565 784 2609 ι
796 2537 851 2612 hic
866 2538 949 2611 nihil
967 2538 1090 2642 libero·
1162 2549 1171 2568 ‘
1194 2570 1197 2574 ·

7 2691 8 2696 ι
124 2673 200 2721 ιιιιιι
215 2650 371 2744 reliquit,
383 2649 466 2721 nihil
477 2652 587 2722 Numa
599 2649 798 2744 Pompilius,
813 2650 905 2746 quod
918 2650 999 2722 utile
1014 2651 1090 2748 pos·

125 2759 173 2834 set
188 2757 253 2832 elle
267 2760 473 2856 reipublicae.
493 2755 587 2853 Qirid
600 2760 785 2834 Camillus?
804 2785 886 2832 nurn
903 2758 950 2832 sui
969 2761 1089 2836 srmiles
1126 2813 1128 2820 ·

124 2872 253 2956 liberos
276 2871 419 2946 habuit?
441 2875 536 2968 Quid
552 2873 695 2971 Scipio?
718 2873 812 2968 Quid
834 2877 984 2948 Catones
998 2878 1089 2973 ,qui

125 2981 240 3078 anagni
259 2980 417 3056 fuerunt?
434 2985 504 3056 Jarn
531 3007 617 3055 vero
643 2984 726 3079 quid
753 2984 794 3056 de
816 2987 990 3073 Homero,
1013 2987 1088 3059 De·-

125 3093 301 3167 mosthene
311 3095 513 3194 ‚Virgilio,
534 3094 675 3258 Crispo,
692 3095 935 3184 &Terentio,
949 3097 1089 3186 Plauto,
1126 3131 1127 3134 ¹

75 3268 77 3274 .
125 3203 310 3300 ceterisque
331 3204 403 3276 aliis
419 3187 566 3300 loquarl
584 3204 678 3299 Quid
699 3206 740 3276 de
760 3205 819 3276 Cae
823 3204 917 3279 sare?
935 3207 1030 3298 Quid
1048 3207 1089 3279 de

124 3311 264 3401 Tullio,
281 3338 335 3386 cur
326 3312 419 3388 soli
441 3313 561 3386 melius
571 3314 688 3386 fuerat
709 3313 833 3386 liberos
848 3340 920 3386 non
940 3315 1087 3388 habere?

125 3417 221 3508 Quid
233 3418 274 3491 de
290 3420 458 3516 Augusto,
473 3421 532 3516 qui
545 3445 605 3495 nec
619 3420 822 3517 adoptivum
837 3423 966 3495 bonum
983 3419 1088 3491 filiurn
1157 3400 1166 3422 l

124 3525 259 3613 habuit,
283 3551 360 3599 curn
381 3527 432 3598 illi
453 3529 593 3630 eligendi
611 3529 756 3624 potestas
783 3531 892 3603 fuisset
917 3555 957 3601 ex
978 3528 1089 3616 omni·
1226 3554 1228 3558 ⁸

124 3637 198 3710 bus.
218 3635 328 3712 Falsus
344 3637 453 3712 ellr
409 3638 507 3746 eujm
523 3639 591 3734 ipse
609 3639 802 3736 Trajanus
794 3667 827 3712 ιιι
844 3641 910 3714 suo
919 3639 1096 3734 municipe·

125 3771 165 3822 ac
186 3767 318 3847 nepote
331 3747 521 3848 deligendo.
534 3741 596 3885 Sed
609 3768 647 3855 ut
668 3749 864 3857 omittamus
883 3749 1090 3846 adoptivos,
1200 3777 1209 3826 ι
