<?xml version="1.0" encoding="UTF-8"?>
<!DOCTYPE html PUBLIC "-//W3C//DTD XHTML 1.0 Transitional//EN"
    "http://www.w3.org/TR/xhtml1/DTD/xhtml1-transitional.dtd">
<html xmlns="http://www.w3.org/1999/xhtml" xml:lang="en" lang="en">
 <head>
  <title>
</title>
<meta http-equiv="Content-Type" content="text/html;charset=utf-8" />
  <meta name='ocr-system' content='tesseract 3.04.00' />
  <meta name='ocr-capabilities' content='ocr_page ocr_carea ocr_par ocr_line ocrx_word'/>
</head>
<body>
  <div class='ocr_page' id='page_1' title='image "./historiaugustsc00bipogoog_0296.png"; bbox 0 0 2856 4824; ppageno 0'>
   <div class='ocr_carea' id='block_1_1' title="bbox 380 4 1418 400">
    <p class='ocr_par' dir='ltr' id='par_1_1' title="bbox 380 4 1418 400">
     <span class='ocr_line' id='line_1_1' title="bbox 380 4 1418 400; baseline -0.002 -50"><span class='ocrx_word' id='word_1_1' title='bbox 380 301 450 377; x_wconf 83' lang='lat'>²54</span> <span class='ocrx_word' id='word_1_2' title='bbox 535 257 1188 350; x_wconf 70' lang='lat' dir='ltr'>atrt&#39;tauttutntt</span> <span class='ocrx_word' id='word_1_3' title='bbox 1405 4 1418 400; x_wconf 93' lang='lat' dir='ltr'>l</span> 
     </span>
    </p>
   </div>
   <div class='ocr_carea' id='block_1_2' title="bbox 377 429 1342 641">
    <p class='ocr_par' dir='ltr' id='par_1_2' title="bbox 377 429 1342 641">
     <span class='ocr_line' id='line_1_2' title="bbox 377 429 1342 512; baseline 0 0"><span class='ocrx_word' id='word_1_4' title='bbox 377 437 552 512; x_wconf 86' lang='lat' dir='ltr'>exhiberet</span> <span class='ocrx_word' id='word_1_5' title='bbox 567 435 667 510; x_wconf 82' lang='lat' dir='ltr'>talett</span> <span class='ocrx_word' id='word_1_6' title='bbox 690 460 753 508; x_wconf 89' lang='lat' dir='ltr'>una</span> <span class='ocrx_word' id='word_1_7' title='bbox 776 434 829 508; x_wconf 92' lang='lat' dir='ltr'>die</span> <span class='ocrx_word' id='word_1_8' title='bbox 847 435 981 508; x_wconf 86' lang='lat' dir='ltr'>nonnifi</span> <span class='ocrx_word' id='word_1_9' title='bbox 999 436 1041 508; x_wconf 90' lang='lat' dir='ltr'>de</span> <span class='ocrx_word' id='word_1_10' title='bbox 1059 429 1193 509; x_wconf 83' lang='lat' dir='ltr'>fasianis</span> <span class='ocrx_word' id='word_1_11' title='bbox 1210 451 1342 512; x_wconf 85' lang='lat' dir='ltr'>tantunt</span> 
     </span>
     <span class='ocr_line' id='line_1_3' title="bbox 377 542 1342 641; baseline -0.003 -22"><span class='ocrx_word' id='word_1_12' title='bbox 377 547 513 635; x_wconf 84' lang='lat' dir='ltr'>ederet,</span> <span class='ocrx_word' id='word_1_13' title='bbox 527 543 709 641; x_wconf 89' lang='lat' dir='ltr'>omnesque</span> <span class='ocrx_word' id='word_1_14' title='bbox 721 543 832 616; x_wconf 86' lang='lat' dir='ltr'>millus</span> <span class='ocrx_word' id='word_1_15' title='bbox 844 542 912 616; x_wconf 84' lang='lat' dir='ltr'>sola</span> <span class='ocrx_word' id='word_1_16' title='bbox 927 543 1129 617; x_wconf 83' lang='lat' dir='ltr'>fasianorum</span> <span class='ocrx_word' id='word_1_17' title='bbox 1145 569 1250 617; x_wconf 88' lang='lat' dir='ltr'>carne</span> <span class='ocrx_word' id='word_1_18' title='bbox 1264 545 1342 616; x_wconf 87' lang='lat' dir='ltr'>llru·</span> 
     </span>
    </p>
   </div>
   <div class='ocr_carea' id='block_1_3' title="bbox 275 656 1417 752">
    <p class='ocr_par' dir='ltr' id='par_1_3' title="bbox 275 656 1417 752">
     <span class='ocr_line' id='line_1_4' title="bbox 275 656 1417 752; baseline 0.001 -19"><span class='ocrx_word' id='word_1_19' title='bbox 275 686 278 695; x_wconf 64' lang='lat'><strong>¹</strong></span> <span class='ocrx_word' id='word_1_20' title='bbox 377 679 467 733; x_wconf 86' lang='lat' dir='ltr'>eret:</span> <span class='ocrx_word' id='word_1_21' title='bbox 485 659 565 733; x_wconf 87' lang='lat' dir='ltr'>item</span> <span class='ocrx_word' id='word_1_22' title='bbox 587 656 652 731; x_wconf 89' lang='lat' dir='ltr'>alia</span> <span class='ocrx_word' id='word_1_23' title='bbox 669 657 722 730; x_wconf 91' lang='lat' dir='ltr'>die</span> <span class='ocrx_word' id='word_1_24' title='bbox 746 657 788 728; x_wconf 91' lang='lat' dir='ltr'>de</span> <span class='ocrx_word' id='word_1_25' title='bbox 809 656 929 751; x_wconf 73' lang='lat' dir='ltr'>pullis,</span> <span class='ocrx_word' id='word_1_26' title='bbox 949 656 1013 728; x_wconf 90' lang='lat' dir='ltr'>alia</span> <span class='ocrx_word' id='word_1_27' title='bbox 1031 657 1071 729; x_wconf 92' lang='lat' dir='ltr'>de</span> <span class='ocrx_word' id='word_1_28' title='bbox 1093 656 1181 752; x_wconf 84' lang='lat' dir='ltr'>pisce</span> <span class='ocrx_word' id='word_1_29' title='bbox 1203 658 1285 748; x_wconf 91' lang='lat' dir='ltr'>illo,</span> <span class='ocrx_word' id='word_1_30' title='bbox 1305 662 1341 732; x_wconf 82' lang='lat' dir='ltr'>bt</span> <span class='ocrx_word' id='word_1_31' title='bbox 1416 729 1417 734; x_wconf 75' lang='grc'>,</span> 
     </span>
    </p>
   </div>
   <div class='ocr_carea' id='block_1_4' title="bbox 376 764 1341 862">
    <p class='ocr_par' dir='ltr' id='par_1_4' title="bbox 376 764 1341 862">
     <span class='ocr_line' id='line_1_5' title="bbox 376 764 1341 862; baseline -0.003 -19"><span class='ocrx_word' id='word_1_32' title='bbox 376 767 459 844; x_wconf 86' lang='lat' dir='ltr'>item</span> <span class='ocrx_word' id='word_1_33' title='bbox 478 764 636 853; x_wconf 89' lang='lat' dir='ltr'>illo‚alia</span> <span class='ocrx_word' id='word_1_34' title='bbox 651 766 692 838; x_wconf 91' lang='lat' dir='ltr'>de</span> <span class='ocrx_word' id='word_1_35' title='bbox 710 765 825 862; x_wconf 82' lang='lat' dir='ltr'>porcis</span> <span class='ocrx_word' id='word_1_36' title='bbox 835 819 847 854; x_wconf 92' lang='lat'>,</span> <span class='ocrx_word' id='word_1_37' title='bbox 861 765 925 838; x_wconf 88' lang='lat' dir='ltr'>alia</span> <span class='ocrx_word' id='word_1_38' title='bbox 941 766 981 839; x_wconf 93' lang='lat' dir='ltr'>de</span> <span class='ocrx_word' id='word_1_39' title='bbox 997 767 1264 859; x_wconf 82' lang='lat' dir='ltr'>struthionibus,</span> <span class='ocrx_word' id='word_1_40' title='bbox 1279 768 1341 841; x_wconf 91' lang='lat' dir='ltr'>alia</span> 
     </span>
    </p>
   </div>
   <div class='ocr_carea' id='block_1_5' title="bbox 252 876 1340 974">
    <p class='ocr_par' dir='ltr' id='par_1_5' title="bbox 252 876 1340 974">
     <span class='ocr_line' id='line_1_6' title="bbox 252 876 1340 974; baseline -0.006 -18"><span class='ocrx_word' id='word_1_41' title='bbox 252 905 255 920; x_wconf 80' lang='lat'>¹</span> <span class='ocrx_word' id='word_1_42' title='bbox 377 879 420 955; x_wconf 90' lang='lat' dir='ltr'>de</span> <span class='ocrx_word' id='word_1_43' title='bbox 443 876 636 966; x_wconf 82' lang='lat' dir='ltr'><strong>holeribus,</strong></span> <span class='ocrx_word' id='word_1_44' title='bbox 658 876 720 950; x_wconf 87' lang='lat' dir='ltr'>alia</span> <span class='ocrx_word' id='word_1_45' title='bbox 744 879 786 950; x_wconf 89' lang='lat' dir='ltr'>de</span> <span class='ocrx_word' id='word_1_46' title='bbox 811 877 942 974; x_wconf 82' lang='lat' dir='ltr'>pomis,</span> <span class='ocrx_word' id='word_1_47' title='bbox 965 878 1027 950; x_wconf 86' lang='lat' dir='ltr'>alia</span> <span class='ocrx_word' id='word_1_48' title='bbox 1051 878 1093 950; x_wconf 89' lang='lat' dir='ltr'>de</span> <span class='ocrx_word' id='word_1_49' title='bbox 1117 879 1259 961; x_wconf 88' lang='lat' dir='ltr'>dulciis,</span> <span class='ocrx_word' id='word_1_50' title='bbox 1277 879 1340 952; x_wconf 87' lang='lat' dir='ltr'>alia</span> 
     </span>
    </p>
   </div>
   <div class='ocr_carea' id='block_1_6' title="bbox 368 985 1340 3055">
    <p class='ocr_par' dir='ltr' id='par_1_6' title="bbox 373 985 1340 2502">
     <span class='ocr_line' id='line_1_7' title="bbox 376 985 1340 1083; baseline -0.002 -23"><span class='ocrx_word' id='word_1_51' title='bbox 376 991 419 1060; x_wconf 89' lang='lat' dir='ltr'>de</span> <span class='ocrx_word' id='word_1_52' title='bbox 439 1011 543 1083; x_wconf 88' lang='lat' dir='ltr'>opere</span> <span class='ocrx_word' id='word_1_53' title='bbox 563 985 711 1059; x_wconf 73' lang='lat' dir='ltr'>lallario.</span> <span class='ocrx_word' id='word_1_54' title='bbox 733 988 827 1082; x_wconf 84' lang='lat' dir='ltr'>Saepe</span> <span class='ocrx_word' id='word_1_55' title='bbox 854 986 982 1061; x_wconf 89' lang='lat' dir='ltr'>amicos</span> <span class='ocrx_word' id='word_1_56' title='bbox 1009 987 1086 1062; x_wconf 88' lang='lat' dir='ltr'>suos</span> <span class='ocrx_word' id='word_1_57' title='bbox 1107 1013 1183 1062; x_wconf 94' lang='lat' dir='ltr'>cum</span> <span class='ocrx_word' id='word_1_58' title='bbox 1207 987 1340 1060; x_wconf 86' lang='lat' dir='ltr'>AErhio-</span> 
     </span>
     <span class='ocr_line' id='line_1_8' title="bbox 375 1093 1340 1194; baseline 0.004 -28"><span class='ocrx_word' id='word_1_59' title='bbox 375 1097 476 1194; x_wconf 84' lang='lat' dir='ltr'>pibus</span> <span class='ocrx_word' id='word_1_60' title='bbox 504 1093 644 1168; x_wconf 84' lang='lat' dir='ltr'>aniculis</span> <span class='ocrx_word' id='word_1_61' title='bbox 671 1094 806 1169; x_wconf 87' lang='lat' dir='ltr'>inclulit</span> <span class='ocrx_word' id='word_1_62' title='bbox 834 1097 1007 1174; x_wconf 80' lang='lat' dir='ltr'>nottmnis</span> <span class='ocrx_word' id='word_1_63' title='bbox 1032 1098 1278 1184; x_wconf 81' lang='lat' dir='ltr'>mansionibus,</span> <span class='ocrx_word' id='word_1_64' title='bbox 1303 1099 1340 1170; x_wconf 77' lang='lat' dir='ltr'>bt</span> 
     </span>
     <span class='ocr_line' id='line_1_9' title="bbox 375 1202 1340 1304; baseline -0.003 -24"><span class='ocrx_word' id='word_1_65' title='bbox 375 1204 541 1304; x_wconf 88' lang='lat' dir='ltr'>usquead</span> <span class='ocrx_word' id='word_1_66' title='bbox 555 1206 665 1278; x_wconf 85' lang='lat' dir='ltr'>lucem</span> <span class='ocrx_word' id='word_1_67' title='bbox 682 1204 845 1292; x_wconf 87' lang='lat' dir='ltr'>detinuit,</span> <span class='ocrx_word' id='word_1_68' title='bbox 862 1229 939 1278; x_wconf 91' lang='lat' dir='ltr'>cum</span> <span class='ocrx_word' id='word_1_69' title='bbox 961 1202 1199 1301; x_wconf 86' lang='lat' dir='ltr'>pulcherrimas</span> <span class='ocrx_word' id='word_1_70' title='bbox 1220 1205 1272 1278; x_wconf 84' lang='lat' dir='ltr'>his</span> <span class='ocrx_word' id='word_1_71' title='bbox 1288 1206 1340 1277; x_wconf 91' lang='lat' dir='ltr'>di·</span> 
     </span>
     <span class='ocr_line' id='line_1_10' title="bbox 374 1305 1337 1410; baseline -0.007 -23"><span class='ocrx_word' id='word_1_72' title='bbox 374 1332 469 1388; x_wconf 86' lang='lat' dir='ltr'>ceret</span> <span class='ocrx_word' id='word_1_73' title='bbox 490 1335 673 1410; x_wconf 84' lang='lat' dir='ltr'>apparatas.</span> <span class='ocrx_word' id='word_1_74' title='bbox 699 1313 790 1386; x_wconf 87' lang='lat' dir='ltr'>Fecit</span> <span class='ocrx_word' id='word_1_75' title='bbox 809 1313 877 1388; x_wconf 93' lang='lat' dir='ltr'>hoc</span> <span class='ocrx_word' id='word_1_76' title='bbox 901 1313 988 1386; x_wconf 89' lang='lat' dir='ltr'>idem</span> <span class='ocrx_word' id='word_1_77' title='bbox 1013 1315 1114 1402; x_wconf 83' lang='lat' dir='ltr'>etlam</span> <span class='ocrx_word' id='word_1_78' title='bbox 1138 1314 1179 1386; x_wconf 90' lang='lat' dir='ltr'>de</span> <span class='ocrx_word' id='word_1_79' title='bbox 1203 1305 1337 1406; x_wconf 84' lang='lat' dir='ltr'>pueris:</span> 
     </span>
     <span class='ocr_line' id='line_1_11' title="bbox 376 1422 1338 1520; baseline -0.007 -22"><span class='ocrx_word' id='word_1_80' title='bbox 376 1429 416 1498; x_wconf 80' lang='grc' dir='ltr'>δι</span> <span class='ocrx_word' id='word_1_81' title='bbox 433 1443 540 1516; x_wconf 90' lang='lat' dir='ltr'>tunc,</span> <span class='ocrx_word' id='word_1_82' title='bbox 562 1443 682 1520; x_wconf 83' lang='lat' dir='ltr'>utpote</span> <span class='ocrx_word' id='word_1_83' title='bbox 699 1443 776 1496; x_wconf 87' lang='lat' dir='ltr'>ante</span> <span class='ocrx_word' id='word_1_84' title='bbox 799 1423 1014 1520; x_wconf 88' lang='lat' dir='ltr'>Philippum,</span> <span class='ocrx_word' id='word_1_85' title='bbox 1038 1423 1170 1498; x_wconf 82' lang='lat' dir='ltr'>licebat.</span> <span class='ocrx_word' id='word_1_86' title='bbox 1194 1422 1338 1495; x_wconf 81' lang='lat' dir='ltr'>Ridebat</span> 
     </span>
     <span class='ocr_line' id='line_1_12' title="bbox 376 1531 1337 1630; baseline -0.004 -24"><span class='ocrx_word' id='word_1_87' title='bbox 376 1553 488 1614; x_wconf 76' lang='lat' dir='ltr'>autem</span> <span class='ocrx_word' id='word_1_88' title='bbox 510 1533 553 1606; x_wconf 88' lang='lat' dir='ltr'>sic</span> <span class='ocrx_word' id='word_1_89' title='bbox 578 1558 842 1630; x_wconf 84' lang='lat' dir='ltr'>nonnunquam,</span> <span class='ocrx_word' id='word_1_90' title='bbox 865 1552 901 1606; x_wconf 90' lang='lat' dir='ltr'>ut</span> <span class='ocrx_word' id='word_1_91' title='bbox 920 1535 1056 1629; x_wconf 89' lang='lat' dir='ltr'>publice</span> <span class='ocrx_word' id='word_1_92' title='bbox 1076 1534 1110 1607; x_wconf 89' lang='lat' dir='ltr'>in</span> <span class='ocrx_word' id='word_1_93' title='bbox 1134 1535 1268 1606; x_wconf 85' lang='lat' dir='ltr'>theatro</span> <span class='ocrx_word' id='word_1_94' title='bbox 1286 1531 1337 1602; x_wconf 82' lang='lat' dir='ltr'>so·</span> 
     </span>
     <span class='ocr_line' id='line_1_13' title="bbox 377 1631 1338 1739; baseline -0.004 -27"><span class='ocrx_word' id='word_1_95' title='bbox 377 1641 429 1713; x_wconf 85' lang='lat' dir='ltr'>ltrs</span> <span class='ocrx_word' id='word_1_96' title='bbox 447 1631 637 1739; x_wconf 78' lang='lat' dir='ltr'>audiretur:</span> <span class='ocrx_word' id='word_1_97' title='bbox 660 1641 731 1737; x_wconf 86' lang='lat' dir='ltr'>ipse</span> <span class='ocrx_word' id='word_1_98' title='bbox 750 1642 926 1728; x_wconf 88' lang='lat' dir='ltr'>cantavit,</span> <span class='ocrx_word' id='word_1_99' title='bbox 942 1639 1098 1730; x_wconf 84' lang='lat' dir='ltr'>saltavit,</span> <span class='ocrx_word' id='word_1_100' title='bbox 1116 1641 1157 1712; x_wconf 90' lang='lat' dir='ltr'>ad</span> <span class='ocrx_word' id='word_1_101' title='bbox 1175 1639 1274 1724; x_wconf 82' lang='lat' dir='ltr'>tibias</span> <span class='ocrx_word' id='word_1_102' title='bbox 1288 1637 1338 1708; x_wconf 91' lang='lat' dir='ltr'>di·</span> 
     </span>
     <span class='ocr_line' id='line_1_14' title="bbox 374 1751 1337 1850; baseline -0.002 -27"><span class='ocrx_word' id='word_1_103' title='bbox 374 1754 449 1842; x_wconf 74' lang='lat' dir='ltr'>xit,</span> <span class='ocrx_word' id='word_1_104' title='bbox 466 1755 545 1826; x_wconf 86' lang='lat' dir='ltr'>tuba</span> <span class='ocrx_word' id='word_1_105' title='bbox 566 1752 709 1842; x_wconf 90' lang='lat' dir='ltr'>cecinit,</span> <span class='ocrx_word' id='word_1_106' title='bbox 728 1751 979 1849; x_wconf 87' lang='lat' dir='ltr'>pandurizavit,</span> <span class='ocrx_word' id='word_1_107' title='bbox 998 1777 1127 1850; x_wconf 84' lang='lat' dir='ltr'>organo</span> <span class='ocrx_word' id='word_1_108' title='bbox 1146 1752 1337 1824; x_wconf 80' lang='lat' dir='ltr'>modulatur</span> 
     </span>
     <span class='ocr_line' id='line_1_15' title="bbox 373 1859 1337 1951; baseline -0.005 -17"><span class='ocrx_word' id='word_1_109' title='bbox 373 1863 435 1934; x_wconf 57' lang='lat' dir='ltr'>ella</span> <span class='ocrx_word' id='word_1_110' title='bbox 457 1867 574 1944; x_wconf 78' lang='lat' dir='ltr'>Fertur</span> <span class='ocrx_word' id='word_1_111' title='bbox 596 1863 633 1936; x_wconf 83' lang='grc' dir='ltr'>δι</span> <span class='ocrx_word' id='word_1_112' title='bbox 654 1887 719 1934; x_wconf 89' lang='lat' dir='ltr'>una</span> <span class='ocrx_word' id='word_1_113' title='bbox 740 1861 793 1934; x_wconf 92' lang='lat' dir='ltr'>die</span> <span class='ocrx_word' id='word_1_114' title='bbox 807 1862 847 1932; x_wconf 91' lang='lat' dir='ltr'>ad</span> <span class='ocrx_word' id='word_1_115' title='bbox 870 1887 988 1936; x_wconf 89' lang='lat' dir='ltr'>onmes</span> <span class='ocrx_word' id='word_1_116' title='bbox 1016 1861 1121 1951; x_wconf 81' lang='lat' dir='ltr'>circi,</span> <span class='ocrx_word' id='word_1_117' title='bbox 1145 1863 1184 1934; x_wconf 75' lang='grc' dir='ltr'>δι</span> <span class='ocrx_word' id='word_1_118' title='bbox 1199 1859 1337 1946; x_wconf 87' lang='lat' dir='ltr'>theatri,</span> 
     </span>
     <span class='ocr_line' id='line_1_16' title="bbox 375 1967 1337 2065; baseline -0.002 -25"><span class='ocrx_word' id='word_1_119' title='bbox 375 1972 415 2040; x_wconf 78' lang='grc' dir='ltr'>δι</span> <span class='ocrx_word' id='word_1_120' title='bbox 437 1967 694 2065; x_wconf 86' lang='lat' dir='ltr'>amphitheatri,</span> <span class='ocrx_word' id='word_1_121' title='bbox 714 1969 752 2042; x_wconf 76' lang='grc' dir='ltr'>δι</span> <span class='ocrx_word' id='word_1_122' title='bbox 783 1969 935 2042; x_wconf 91' lang='lat' dir='ltr'>omnium</span> <span class='ocrx_word' id='word_1_123' title='bbox 962 1970 1063 2046; x_wconf 81' lang='lat' dir='ltr'>Urbis</span> <span class='ocrx_word' id='word_1_124' title='bbox 1084 1971 1245 2042; x_wconf 88' lang='lat' dir='ltr'>locorum</span> <span class='ocrx_word' id='word_1_125' title='bbox 1267 1993 1337 2039; x_wconf 88' lang='lat' dir='ltr'>me·</span> 
     </span>
     <span class='ocr_line' id='line_1_17' title="bbox 375 2075 1337 2177; baseline 0.002 -29"><span class='ocrx_word' id='word_1_126' title='bbox 375 2075 536 2165; x_wconf 78' lang='lat' dir='ltr'>territes,</span> <span class='ocrx_word' id='word_1_127' title='bbox 555 2077 658 2149; x_wconf 73' lang='lat' dir='ltr'>reclus</span> <span class='ocrx_word' id='word_1_128' title='bbox 679 2077 860 2150; x_wconf 89' lang='lat' dir='ltr'>cuculione</span> <span class='ocrx_word' id='word_1_129' title='bbox 880 2079 1092 2170; x_wconf 91' lang='lat' dir='ltr'>mulionico,</span> <span class='ocrx_word' id='word_1_130' title='bbox 1115 2103 1158 2151; x_wconf 86' lang='lat' dir='ltr'>ne</span> <span class='ocrx_word' id='word_1_131' title='bbox 1176 2078 1337 2177; x_wconf 85' lang='lat' dir='ltr'>agnosce·</span> 
     </span>
     <span class='ocr_line' id='line_1_18' title="bbox 376 2187 1337 2284; baseline -0.004 -22"><span class='ocrx_word' id='word_1_132' title='bbox 376 2207 452 2278; x_wconf 92' lang='lat' dir='ltr'>tut,</span> <span class='ocrx_word' id='word_1_133' title='bbox 473 2187 654 2284; x_wconf 83' lang='lat' dir='ltr'>ingretlus;</span> <span class='ocrx_word' id='word_1_134' title='bbox 680 2214 756 2262; x_wconf 92' lang='lat' dir='ltr'>cum</span> <span class='ocrx_word' id='word_1_135' title='bbox 785 2208 896 2263; x_wconf 89' lang='lat' dir='ltr'>tamen</span> <span class='ocrx_word' id='word_1_136' title='bbox 923 2191 1080 2279; x_wconf 85' lang='lat' dir='ltr'>omnibus</span> <span class='ocrx_word' id='word_1_137' title='bbox 1106 2189 1337 2284; x_wconf 87' lang='lat' dir='ltr'>meretricibus</span> 
     </span>
     <span class='ocr_line' id='line_1_19' title="bbox 375 2295 1338 2392; baseline 0.004 -24"><span class='ocrx_word' id='word_1_138' title='bbox 375 2297 446 2369; x_wconf 88' lang='lat' dir='ltr'>fine</span> <span class='ocrx_word' id='word_1_139' title='bbox 464 2295 582 2370; x_wconf 67' lang='lat' dir='ltr'>effectu</span> <span class='ocrx_word' id='word_1_140' title='bbox 605 2297 754 2371; x_wconf 89' lang='lat' dir='ltr'>libidinis</span> <span class='ocrx_word' id='word_1_141' title='bbox 779 2323 899 2373; x_wconf 89' lang='lat' dir='ltr'>aureos</span> <span class='ocrx_word' id='word_1_142' title='bbox 920 2301 1083 2392; x_wconf 87' lang='lat' dir='ltr'>donaret,</span> <span class='ocrx_word' id='word_1_143' title='bbox 1109 2301 1255 2390; x_wconf 83' lang='lat' dir='ltr'>addens,</span> <span class='ocrx_word' id='word_1_144' title='bbox 1275 2303 1338 2372; x_wconf 82' lang='grc' dir='ltr'>Νι·</span> 
     </span>
     <span class='ocr_line' id='line_1_20' title="bbox 374 2409 964 2502; baseline 0.003 -22"><span class='ocrx_word' id='word_1_145' title='bbox 374 2411 539 2502; x_wconf 85' lang='lat' dir='ltr'>mosciar,</span> <span class='ocrx_word' id='word_1_146' title='bbox 560 2409 747 2480; x_wconf 83' lang='lat' dir='ltr'>Antoninus</span> <span class='ocrx_word' id='word_1_147' title='bbox 768 2414 830 2480; x_wconf 83' lang='lat' dir='ltr'>lzaet</span> <span class='ocrx_word' id='word_1_148' title='bbox 854 2415 964 2482; x_wconf 81' lang='lat' dir='ltr'>donat.</span> 
     </span>
    </p>

    <p class='ocr_par' dir='ltr' id='par_1_7' title="bbox 368 2516 1339 3055">
     <span class='ocr_line' id='line_1_21' title="bbox 422 2516 1339 2615; baseline -0.002 -25"><span class='ocrx_word' id='word_1_149' title='bbox 422 2519 583 2591; x_wconf 84' lang='lat' dir='ltr'>xxxut.</span> <span class='ocrx_word' id='word_1_150' title='bbox 606 2516 800 2590; x_wconf 90' lang='lat' dir='ltr'>Libidinum</span> <span class='ocrx_word' id='word_1_151' title='bbox 817 2542 937 2615; x_wconf 82' lang='lat' dir='ltr'>genera</span> <span class='ocrx_word' id='word_1_152' title='bbox 953 2519 1105 2615; x_wconf 80' lang='lat' dir='ltr'>quaedam</span> <span class='ocrx_word' id='word_1_153' title='bbox 1124 2516 1279 2606; x_wconf 83' lang='lat' dir='ltr'>invenit,</span> <span class='ocrx_word' id='word_1_154' title='bbox 1301 2532 1339 2589; x_wconf 89' lang='lat' dir='ltr'>ut</span> 
     </span>
     <span class='ocr_line' id='line_1_22' title="bbox 375 2624 1338 2723; baseline -0.006 -22"><span class='ocrx_word' id='word_1_155' title='bbox 375 2624 554 2723; x_wconf 76' lang='lat' dir='ltr'>spinthrias</span> <span class='ocrx_word' id='word_1_156' title='bbox 582 2648 736 2699; x_wconf 89' lang='lat' dir='ltr'>veterum</span> <span class='ocrx_word' id='word_1_157' title='bbox 769 2631 933 2702; x_wconf 86' lang='lat' dir='ltr'>malorum</span> <span class='ocrx_word' id='word_1_158' title='bbox 958 2629 1127 2701; x_wconf 84' lang='lat' dir='ltr'>vinceret:</span> <span class='ocrx_word' id='word_1_159' title='bbox 1154 2631 1198 2708; x_wconf 53' lang='lat' dir='ltr'>bc,</span> <span class='ocrx_word' id='word_1_160' title='bbox 1217 2649 1338 2698; x_wconf 82' lang='lat' dir='ltr'>omnes</span> 
     </span>
     <span class='ocr_line' id='line_1_23' title="bbox 368 2733 1336 2834; baseline -0.002 -27"><span class='ocrx_word' id='word_1_161' title='bbox 368 2750 554 2828; x_wconf 78' lang='lat' dir='ltr'>apparatus</span> <span class='ocrx_word' id='word_1_162' title='bbox 565 2733 709 2826; x_wconf 82' lang='lat' dir='ltr'>Tiberii,</span> <span class='ocrx_word' id='word_1_163' title='bbox 725 2739 761 2810; x_wconf 77' lang='lat' dir='ltr'>dt</span> <span class='ocrx_word' id='word_1_164' title='bbox 775 2737 951 2834; x_wconf 68' lang='lat' dir='ltr'>Caligula,</span> <span class='ocrx_word' id='word_1_165' title='bbox 961 2741 997 2812; x_wconf 79' lang='grc' dir='ltr'>δι</span> <span class='ocrx_word' id='word_1_166' title='bbox 1008 2738 1155 2810; x_wconf 90' lang='lat' dir='ltr'>Neronis</span> <span class='ocrx_word' id='word_1_167' title='bbox 1168 2756 1280 2809; x_wconf 85' lang='lat' dir='ltr'>norat.</span> <span class='ocrx_word' id='word_1_168' title='bbox 1295 2737 1336 2805; x_wconf 88' lang='lat' dir='ltr'>Et</span> 
     </span>
     <span class='ocr_line' id='line_1_24' title="bbox 375 2841 1335 2946; baseline 0.003 -32"><span class='ocrx_word' id='word_1_169' title='bbox 375 2841 573 2942; x_wconf 77' lang='lat' dir='ltr'>ptaedillum</span> <span class='ocrx_word' id='word_1_170' title='bbox 595 2843 703 2918; x_wconf 81' lang='lat' dir='ltr'>eidem</span> <span class='ocrx_word' id='word_1_171' title='bbox 725 2865 796 2918; x_wconf 88' lang='lat' dir='ltr'>erat</span> <span class='ocrx_word' id='word_1_172' title='bbox 818 2872 836 2920; x_wconf 96' lang='lat' dir='ltr'>a</span> <span class='ocrx_word' id='word_1_173' title='bbox 859 2841 1084 2920; x_wconf 83' lang='lat' dir='ltr'>sacerdotibus</span> <span class='ocrx_word' id='word_1_174' title='bbox 1108 2846 1229 2946; x_wconf 88' lang='lat' dir='ltr'>Syris,</span> <span class='ocrx_word' id='word_1_175' title='bbox 1259 2845 1335 2918; x_wconf 88' lang='lat' dir='ltr'>bio-</span> 
     </span>
     <span class='ocr_line' id='line_1_25' title="bbox 374 2951 1336 3055; baseline -0.002 -27"><span class='ocrx_word' id='word_1_176' title='bbox 374 2954 548 3038; x_wconf 83' lang='lat' dir='ltr'>thanatum</span> <span class='ocrx_word' id='word_1_177' title='bbox 562 2952 593 3028; x_wconf 90' lang='lat' dir='ltr'>se</span> <span class='ocrx_word' id='word_1_178' title='bbox 606 2951 768 3028; x_wconf 83' lang='lat' dir='ltr'>futurum.</span> <span class='ocrx_word' id='word_1_179' title='bbox 790 2957 968 3030; x_wconf 83' lang='lat' dir='ltr'>Paraverat</span> <span class='ocrx_word' id='word_1_180' title='bbox 987 2955 1087 3055; x_wconf 87' lang='lat' dir='ltr'>igitur</span> <span class='ocrx_word' id='word_1_181' title='bbox 1103 2955 1220 3042; x_wconf 86' lang='lat' dir='ltr'>funes,</span> <span class='ocrx_word' id='word_1_182' title='bbox 1234 2956 1336 3028; x_wconf 87' lang='lat' dir='ltr'>blatta</span> 
     </span>
    </p>
   </div>
   <div class='ocr_carea' id='block_1_7' title="bbox 376 3062 1417 3164">
    <p class='ocr_par' dir='ltr' id='par_1_8' title="bbox 376 3062 1417 3164">
     <span class='ocr_line' id='line_1_26' title="bbox 376 3062 1417 3164; baseline -0.004 -26"><span class='ocrx_word' id='word_1_183' title='bbox 376 3065 416 3138; x_wconf 74' lang='grc' dir='ltr'>δι</span> <span class='ocrx_word' id='word_1_184' title='bbox 436 3062 596 3140; x_wconf 85' lang='lat' dir='ltr'>serico&amp;</span> <span class='ocrx_word' id='word_1_185' title='bbox 615 3089 725 3140; x_wconf 88' lang='lat' dir='ltr'>cocco</span> <span class='ocrx_word' id='word_1_186' title='bbox 747 3068 914 3153; x_wconf 88' lang='lat' dir='ltr'>intortos,</span> <span class='ocrx_word' id='word_1_187' title='bbox 934 3068 1075 3164; x_wconf 78' lang='lat' dir='ltr'>quibus,</span> <span class='ocrx_word' id='word_1_188' title='bbox 1097 3065 1121 3140; x_wconf 83' lang='lat' dir='ltr'>si</span> <span class='ocrx_word' id='word_1_189' title='bbox 1140 3066 1269 3138; x_wconf 83' lang='lat' dir='ltr'>necelle</span> <span class='ocrx_word' id='word_1_190' title='bbox 1290 3062 1336 3135; x_wconf 91' lang='lat' dir='ltr'>es·</span> <span class='ocrx_word' id='word_1_191' title='bbox 1416 3075 1417 3126; x_wconf 66' lang='lat' dir='ltr'>t</span> 
     </span>
    </p>
   </div>
   <div class='ocr_carea' id='block_1_8' title="bbox 372 3173 1337 3382">
    <p class='ocr_par' dir='ltr' id='par_1_9' title="bbox 372 3173 1337 3382">
     <span class='ocr_line' id='line_1_27' title="bbox 375 3173 1337 3276; baseline -0.004 -26"><span class='ocrx_word' id='word_1_192' title='bbox 375 3173 448 3264; x_wconf 80' lang='lat' dir='ltr'>set,</span> <span class='ocrx_word' id='word_1_193' title='bbox 468 3175 591 3272; x_wconf 88' lang='lat' dir='ltr'>laqueo</span> <span class='ocrx_word' id='word_1_194' title='bbox 612 3177 718 3252; x_wconf 85' lang='lat' dir='ltr'>vitatu</span> <span class='ocrx_word' id='word_1_195' title='bbox 737 3178 859 3253; x_wconf 85' lang='lat' dir='ltr'>liniret.</span> <span class='ocrx_word' id='word_1_196' title='bbox 880 3181 1055 3254; x_wconf 87' lang='lat' dir='ltr'>Paravetat</span> <span class='ocrx_word' id='word_1_197' title='bbox 1078 3181 1115 3252; x_wconf 74' lang='lat' dir='ltr'>bt</span> <span class='ocrx_word' id='word_1_198' title='bbox 1133 3177 1260 3276; x_wconf 83' lang='lat' dir='ltr'>gladios</span> <span class='ocrx_word' id='word_1_199' title='bbox 1280 3201 1337 3246; x_wconf 88' lang='lat' dir='ltr'>au·</span> 
     </span>
     <span class='ocr_line' id='line_1_28' title="bbox 372 3283 1336 3382; baseline -0.002 -28"><span class='ocrx_word' id='word_1_200' title='bbox 372 3300 455 3354; x_wconf 82' lang='lat' dir='ltr'>&#39;teos</span> <span class='ocrx_word' id='word_1_201' title='bbox 468 3334 479 3371; x_wconf 90' lang='lat'><strong><em>‚</em></strong></span> <span class='ocrx_word' id='word_1_202' title='bbox 494 3283 615 3380; x_wconf 88' lang='lat' dir='ltr'>quibus</span> <span class='ocrx_word' id='word_1_203' title='bbox 627 3285 658 3358; x_wconf 87' lang='lat' dir='ltr'>se</span> <span class='ocrx_word' id='word_1_204' title='bbox 674 3285 865 3374; x_wconf 88' lang='lat' dir='ltr'>occideret,</span> <span class='ocrx_word' id='word_1_205' title='bbox 884 3287 1029 3382; x_wconf 84' lang='lat' dir='ltr'>sialiqua</span> <span class='ocrx_word' id='word_1_206' title='bbox 1049 3287 1100 3358; x_wconf 89' lang='lat' dir='ltr'>vis</span> <span class='ocrx_word' id='word_1_207' title='bbox 1116 3302 1257 3379; x_wconf 82' lang='lat' dir='ltr'>urgeret.</span> <span class='ocrx_word' id='word_1_208' title='bbox 1273 3283 1336 3354; x_wconf 87' lang='lat' dir='ltr'>Pa·</span> 
     </span>
    </p>
   </div>
   <div class='ocr_carea' id='block_1_9' title="bbox 359 3389 1416 3504">
    <p class='ocr_par' dir='ltr' id='par_1_10' title="bbox 359 3389 1416 3504">
     <span class='ocr_line' id='line_1_29' title="bbox 359 3389 1416 3504; baseline 0 -42"><span class='ocrx_word' id='word_1_209' title='bbox 359 3412 508 3478; x_wconf 21' lang='lat' dir='ltr'>&#39;ravetat</span> <span class='ocrx_word' id='word_1_210' title='bbox 535 3393 631 3468; x_wconf 84' lang='lat' dir='ltr'>&amp;in</span> <span class='ocrx_word' id='word_1_211' title='bbox 659 3396 829 3468; x_wconf 84' lang='lat' dir='ltr'>cerauneis</span> <span class='ocrx_word' id='word_1_212' title='bbox 854 3396 892 3469; x_wconf 78' lang='grc' dir='ltr'>δι</span> <span class='ocrx_word' id='word_1_213' title='bbox 918 3396 1113 3494; x_wconf 86' lang='lat' dir='ltr'>hyacinthis</span> <span class='ocrx_word' id='word_1_214' title='bbox 1136 3398 1174 3466; x_wconf 79' lang='grc' dir='ltr'>δι</span> <span class='ocrx_word' id='word_1_215' title='bbox 1194 3393 1229 3464; x_wconf 90' lang='lat' dir='ltr'>in</span> <span class='ocrx_word' id='word_1_216' title='bbox 1253 3389 1337 3462; x_wconf 87' lang='lat' dir='ltr'>sma·</span> <span class='ocrx_word' id='word_1_217' title='bbox 1407 3417 1416 3504; x_wconf 46' lang='lat' dir='ltr'>p</span> 
     </span>
    </p>
   </div>
   <div class='ocr_carea' id='block_1_10' title="bbox 210 3501 1338 3602">
    <p class='ocr_par' dir='ltr' id='par_1_11' title="bbox 210 3501 1338 3602">
     <span class='ocr_line' id='line_1_30' title="bbox 210 3501 1338 3602; baseline -0.005 -26"><span class='ocrx_word' id='word_1_218' title='bbox 210 3587 214 3594; x_wconf 43' lang='grc'><em>,</em></span> <span class='ocrx_word' id='word_1_219' title='bbox 272 3501 274 3506; x_wconf 67' lang='grc'>’</span> <span class='ocrx_word' id='word_1_220' title='bbox 372 3502 486 3599; x_wconf 85' lang='lat' dir='ltr'>ragdis</span> <span class='ocrx_word' id='word_1_221' title='bbox 504 3529 654 3595; x_wconf 90' lang='lat' dir='ltr'>venena,</span> <span class='ocrx_word' id='word_1_222' title='bbox 672 3505 793 3602; x_wconf 88' lang='lat' dir='ltr'>quibus</span> <span class='ocrx_word' id='word_1_223' title='bbox 814 3505 844 3578; x_wconf 91' lang='lat' dir='ltr'>se</span> <span class='ocrx_word' id='word_1_224' title='bbox 863 3505 1095 3602; x_wconf 78' lang='lat' dir='ltr'>interimeret,</span> <span class='ocrx_word' id='word_1_225' title='bbox 1115 3503 1136 3574; x_wconf 80' lang='lat' dir='ltr'><strong>fi</strong></span> <span class='ocrx_word' id='word_1_226' title='bbox 1159 3501 1240 3598; x_wconf 91' lang='lat' dir='ltr'>qnid</span> <span class='ocrx_word' id='word_1_227' title='bbox 1264 3524 1338 3596; x_wconf 81' lang='lat' dir='ltr'>gra·</span> 
     </span>
    </p>
   </div>
   <div class='ocr_carea' id='block_1_11' title="bbox 375 3609 1338 3822">
    <p class='ocr_par' dir='ltr' id='par_1_12' title="bbox 375 3609 1338 3822">
     <span class='ocr_line' id='line_1_31' title="bbox 375 3609 1338 3698; baseline -0.002 -17"><span class='ocrx_word' id='word_1_228' title='bbox 375 3610 453 3683; x_wconf 85' lang='lat' dir='ltr'>vius</span> <span class='ocrx_word' id='word_1_229' title='bbox 478 3612 676 3686; x_wconf 89' lang='lat' dir='ltr'>immineret.</span> <span class='ocrx_word' id='word_1_230' title='bbox 697 3617 885 3690; x_wconf 87' lang='lat' dir='ltr'>Fecerat&amp;</span> <span class='ocrx_word' id='word_1_231' title='bbox 902 3615 1084 3688; x_wconf 83' lang='lat' dir='ltr'>altiffimam</span> <span class='ocrx_word' id='word_1_232' title='bbox 1101 3611 1240 3698; x_wconf 87' lang='lat' dir='ltr'>turrim,</span> <span class='ocrx_word' id='word_1_233' title='bbox 1263 3609 1338 3681; x_wconf 89' lang='lat' dir='ltr'>sub·</span> 
     </span>
     <span class='ocr_line' id='line_1_32' title="bbox 378 3714 1337 3822; baseline -0.004 -29"><span class='ocrx_word' id='word_1_234' title='bbox 378 3716 486 3793; x_wconf 76' lang='lat' dir='ltr'>litatis</span> <span class='ocrx_word' id='word_1_235' title='bbox 510 3721 617 3795; x_wconf 87' lang='lat' dir='ltr'>aureis</span> <span class='ocrx_word' id='word_1_236' title='bbox 635 3720 872 3822; x_wconf 84' lang='lat' dir='ltr'>gemmatisque</span> <span class='ocrx_word' id='word_1_237' title='bbox 890 3722 1131 3814; x_wconf 66' lang='lat' dir='ltr'>amentatis,</span> <span class='ocrx_word' id='word_1_238' title='bbox 1151 3746 1192 3796; x_wconf 86' lang='lat' dir='ltr'>ex</span> <span class='ocrx_word' id='word_1_239' title='bbox 1214 3723 1281 3818; x_wconf 79' lang='lat' dir='ltr'>&#39;qua</span> <span class='ocrx_word' id='word_1_240' title='bbox 1306 3714 1337 3789; x_wconf 88' lang='lat' dir='ltr'>se</span> 
     </span>
    </p>
   </div>
   <div class='ocr_carea' id='block_1_12' title="bbox 0 0 1432 4824">
    <p class='ocr_par' dir='ltr' id='par_1_13' title="bbox 0 0 1432 4824">
     <span class='ocr_line' id='line_1_33' title="bbox 0 0 1432 4824; baseline 0 1"><span class='ocrx_word' id='word_1_241' title='bbox 0 0 1432 4824; x_wconf 95' lang='lat' dir='ltr'> </span> 
     </span>
    </p>
   </div>
  </div>
 </body>
</html>
