2782 4814
207 317 210 327 '
294 311 448 386 HnD
472 299 505 385 R
528 315 543 386 l
569 315 598 386 Α
625 311 659 386 Ν
683 315 718 388 U
743 315 775 386 S.
993 341 1015 414 9

75 471 199 561 driano,
216 473 360 548 conscio
374 474 434 548 fibi
452 475 554 548 Lufi'o
575 478 613 551 δι
630 477 745 551 multis
762 475 854 569 aliis,
872 504 1019 578 parave-

15 621 16 654 t
74 603 135 677 rat,
150 611 223 658 cum
246 611 323 660 eum
349 587 446 661 etiam
472 585 692 661 successorem
721 584 852 662 sibimet
873 590 1046 664 Hadria·'

75 717 127 766 nus
155 692 360 784 destinasset,
385 695 498 769 erest.
525 695 642 786 Quare
666 695 777 768 Palma
800 699 1019 798 Terracina,

74 801 174 876 Celsus
188 803 296 896 Bajis,
311 804 472 902 Nigrinus
485 803 678 893 Faventiae,
692 803 809 878 Lusius
823 802 860 878 in
877 806 1024 904 itinere,
1053 873 1060 884 .

57 914 173 988 senatu
192 915 352 1012 jubente,
369 907 482 992 invito
506 917 683 992 Hadriano
711 915 775 1018 (ut
793 917 862 1015 ipse
881 918 917 992 in
947 918 1035 992 vita·

15 1005 17 1148 j
74 1021 124 1094 sue
139 1023 240 1122 dicit)
264 1025 366 1099 occisr
386 1026 473 1101 sunt.
494 1027 597 1100 Unde
618 1027 728 1100 statim
748 1027 959 1116 Hadrianus,
975 1028 1020 1100 ad

15 1151 17 1290 p
72 1130 274 1212 refellendam
286 1133 499 1208 tristissimam
511 1137 941 1235 deseoprntonem,quod
955 1161 1021 1209 oc

15 1231 17 1332 l
72 1241 129 1314 cidi
141 1243 253 1340 passus
273 1243 353 1316 esset
376 1269 448 1318 uno
465 1265 619 1341 tempore
640 1267 787 1344 quatuor
807 1247 1020 1333 consulares,
1127 1261 1131 1268 “

15 1351 207 1422 Romam
225 1353 339 1440 venit,
353 1353 461 1427 Dacia
474 1353 632 1425 Turboni
649 1353 792 1436 credita,
791 1354 901 1426 titulo
916 1357 1024 1454 AEgy·
1122 1399 1124 1405 ·

15 1439 17 1512 l
76 1457 179 1550 ptiacae
196 1449 432 1554 prafedurae,
450 1482 522 1556 quo
545 1459 620 1554 plus
638 1459 775 1532 haberet
794 1460 1024 1554 auslotitatis,

76 1587 213 1641 ornator-
209 1572 261 1643 ·&
279 1568 330 1641 ad
342 1568 655 1664 comprimendam
651 1569 699 1640 de
722 1567 754 1641 se
774 1565 915 1659 famam,
934 1596 1023 1647 cou-
1036 1620 1039 1630 ·

77 1679 204 1776 giarium
228 1679 351 1777 duplex
372 1679 516 1804 presens
535 1679 668 1776 populo
694 1679 805 1770 dedit,
825 1683 932 1755 ternis
952 1681 1022 1779 jam

15 1777 124 1904 {per
139 1789 286 1889 singulos
303 1789 411 1863 aureis
422 1789 454 1862 se
467 1788 602 1862 absente
615 1787 740 1862 divisis.
751 1791 788 1862 ln
800 1787 914 1864 senatu
931 1813 1024 1888 quo·

15 1923 151 1994 ;que,
164 1900 343 1991 excusatis,
355 1925 431 1998 quae
441 1901 524 1974 sada
534 1919 628 1973 erant
638 1916 805 1993 luravlt,
812 1901 1025 1996 senumquam

15 2013 249 2102 senatorem
257 2014 321 2114 nist
335 2041 375 2084 ex
376 2015 510 2106 senatus
514 2014 684 2108 sentcntta,
697 2015 891 2108 puniturum.
905 2013 1024 2084 Statim
1098 2067 1103 2075 a

15 2123 16 2218 ξ
76 2120 197 2194 cursum
217 2119 363 2195 fiscalem
380 2122 545 2212 instituit,
558 2146 601 2194 ne
610 2121 831 2220 magistratus
849 2122 918 2195 hoc
940 2146 1025 2194 one·

15 2233 17 2320 Ῐ
76 2254 105 2301 re
122 2250 347 2328 gravarentur.
366 2233 420 2304 Ad
438 2232 663 2330 colligendam
684 2249 793 2304 autem
813 2231 954 2330 gratiam
974 2231 1026 2303 ni·

15 2379 16 2384 κ
75 2338 115 2408 hil
130 2341 407 2435 pretermittens,
426 2340 593 2414 infinitam
621 2340 822 2438 pecuniam,
844 2367 921 2437 quae
940 2339 1026 2412 fisco

15 2493 16 2496 =
76 2445 264 2540 debebatur,
284 2449 426 2546 priuatis
441 2450 653 2524 debitoribus
670 2450 706 2522 in
723 2450 818 2523 Urbe
837 2466 938 2545 atque
957 2451 1026 2518 lta·

16 2551 17 2554 '
73 2557 178 2648 lia,in
196 2561 387 2658 provinciis
412 2585 499 2634 uero
523 2561 623 2636 etiarn
650 2575 696 2632 ex
715 2558 853 2654 reliquis
876 2557 1028 2656 ingentes

74 2667 205 2744 summas
223 2671 367 2756 remisit,
388 2670 589 2769 syngraphis
608 2670 644 2741 in
665 2667 744 2740 soro
762 2666 853 2740 Divi
867 2666 1027 2761 Traiani,
1047 2687 1056 2732 ’.

73 2801 136 2871 quo
158 2781 262 2877 magis
283 2779 440 2854 securitas
463 2778 623 2854 omnibus
648 2779 886 2864 roboraretur,
906 2777 1029 2848 incen-

74 2885 119 2959 fis.
138 2889 386 2962 Damnatorum
408 2891 498 2962 bona
523 2888 560 2965 in
583 2887 699 2962 liscum
719 2886 891 2984 privatum
921 2882 1033 2980 redigi¹
1123 2925 1138 2964 ‚-
1189 2896 1190 2907 ¹

73 2997 195 3087 vetuit,
219 2998 316 3070 omni
346 2997 471 3088 summa
499 2996 534 3067 in
565 2996 686 3068 aerario
711 2995 853 3091 publico
879 2999 1031 3090 recepta

15 3141 16 3144 ¹
71 3103 180 3180 Pueris
192 3102 235 3184 'ac
252 3109 394 3208 puellis,
415 3105 538 3205 quibus
558 3106 658 3178 etiam
679 3104 845 3199 Trajanus
868 3105 1027 3177 alimenta

15 3207 17 3272 ῗ
72 3218 250 3313 detulerat,
274 3222 520 3296 incrementum
545 3217 748 3290 liberalitatis
764 3215 900 3312 adjecit.
921 3221 1028 3290 Sena-

15 3359 16 3362 *
73 3329 220 3420 toribus,
242 3331 300 3429 qui
325 3353 397 3410 nott
418 3326 507 3402 vitio
535 3327 594 3401 suo
615 3327 840 3419 decoxerant,
861 3326 1028 3424 patrimo·
1093 3394 1094 3398 ,

15 3461 17 3508 t
73 3438 183 3530 nium,
204 3467 268 3538 pro
292 3434 478 3514 liberorum
497 3437 625 3528 modo,
652 3435 826 3510 senatoria
848 3433 1028 3531 professio-

15 3535 16 3542 *
73 3547 120 3620 nis
138 3551 308 3648 explevi13
327 3552 372 3623 ita
389 3566 427 3623 ut
444 3547 611 3646 plerisque
627 3545 661 3620 in
680 3545 768 3640 diem
789 3545 869 3619 vita
888 3543 954 3615 suae
977 3540 1029 3611 di·

15 3651 16 3658 ’
71 3649 216 3731 mensum
238 3659 308 3732 fine
331 3655 492 3730 dilatione
512 3653 701 3728 restituerit.
721 3652 775 3727 Ad
798 3653 947 3734 honores
966 3668 1027 3717 ex·

15 3757 16 3760 ’
73 3763 231 3859 pseudos,
252 3789 323 3843 non
342 3765 455 3840 sulum
474 3762 612 3854 amicis,
633 3760 811 3835 sedetiam
833 3756 945 3854 paffirn
965 3755 1026 3866 ali·
