<?xml version="1.0" encoding="UTF-8"?>
<!DOCTYPE html PUBLIC "-//W3C//DTD XHTML 1.0 Transitional//EN"
    "http://www.w3.org/TR/xhtml1/DTD/xhtml1-transitional.dtd">
<html xmlns="http://www.w3.org/1999/xhtml" xml:lang="en" lang="en">
 <head>
  <title>
</title>
<meta http-equiv="Content-Type" content="text/html;charset=utf-8" />
  <meta name='ocr-system' content='tesseract 3.04.00' />
  <meta name='ocr-capabilities' content='ocr_page ocr_carea ocr_par ocr_line ocrx_word'/>
</head>
<body>
  <div class='ocr_page' id='page_1' title='image "./historiaugustsc00bipogoog_0112.png"; bbox 0 0 2884 4828; ppageno 0'>
   <div class='ocr_carea' id='block_1_1' title="bbox 312 323 1129 420">
    <p class='ocr_par' dir='ltr' id='par_1_1' title="bbox 312 323 1129 420">
     <span class='ocr_line' id='line_1_1' title="bbox 312 323 1129 420; baseline 0.011 -26"><span class='ocrx_word' id='word_1_1' title='bbox 312 341 386 420; x_wconf 14' lang='lat'>70!</span> <span class='ocrx_word' id='word_1_2' title='bbox 507 323 668 398; x_wconf 83' lang='lat' dir='ltr'>JUth</span> <span class='ocrx_word' id='word_1_3' title='bbox 704 323 1081 404; x_wconf 76' lang='lat' dir='ltr'>caetrottrtt</span> <span class='ocrx_word' id='word_1_4' title='bbox 1126 358 1129 366; x_wconf 73' lang='lat'><em>,</em></span> 
     </span>
    </p>
   </div>
   <div class='ocr_carea' id='block_1_2' title="bbox 311 481 1341 692">
    <p class='ocr_par' dir='ltr' id='par_1_2' title="bbox 311 481 1341 692">
     <span class='ocr_line' id='line_1_2' title="bbox 311 481 1269 590; baseline 0.013 -34"><span class='ocrx_word' id='word_1_5' title='bbox 311 499 412 556; x_wconf 84' lang='lat' dir='ltr'>runtr</span> <span class='ocrx_word' id='word_1_6' title='bbox 432 481 556 580; x_wconf 86' lang='lat' dir='ltr'>qulbus</span> <span class='ocrx_word' id='word_1_7' title='bbox 578 484 878 587; x_wconf 80' lang='lat' dir='ltr'>omnibusllatuas</span> <span class='ocrx_word' id='word_1_8' title='bbox 898 489 935 561; x_wconf 89' lang='lat' dir='ltr'>iri</span> <span class='ocrx_word' id='word_1_9' title='bbox 960 489 1039 563; x_wconf 92' lang='lat' dir='ltr'>soto</span> <span class='ocrx_word' id='word_1_10' title='bbox 1062 488 1170 590; x_wconf 90' lang='lat' dir='ltr'>Ulpio</span> <span class='ocrx_word' id='word_1_11' title='bbox 1196 495 1269 567; x_wconf 87' lang='lat' dir='ltr'>col·</span> 
     </span>
     <span class='ocr_line' id='line_1_3' title="bbox 311 591 1341 692; baseline 0.013 -28"><span class='ocrx_word' id='word_1_12' title='bbox 311 591 454 666; x_wconf 83' lang='lat' dir='ltr'>locavit.</span> <span class='ocrx_word' id='word_1_13' title='bbox 470 593 589 686; x_wconf 80' lang='lat' dir='ltr'>Quare</span> <span class='ocrx_word' id='word_1_14' title='bbox 602 593 700 668; x_wconf 88' lang='lat' dir='ltr'>amici</span> <span class='ocrx_word' id='word_1_15' title='bbox 709 594 903 692; x_wconf 86' lang='lat' dir='ltr'>frequenter</span> <span class='ocrx_word' id='word_1_16' title='bbox 911 596 1101 689; x_wconf 89' lang='lat' dir='ltr'>suaserunt,</span> <span class='ocrx_word' id='word_1_17' title='bbox 1119 619 1184 675; x_wconf 89' lang='lat' dir='ltr'>uta</span> <span class='ocrx_word' id='word_1_18' title='bbox 1197 602 1271 678; x_wconf 88' lang='lat' dir='ltr'>bel·</span> <span class='ocrx_word' id='word_1_19' title='bbox 1337 632 1341 640; x_wconf 84' lang='grc'><strong><em>·</em></strong></span> 
     </span>
    </p>
   </div>
   <div class='ocr_carea' id='block_1_3' title="bbox 180 703 1396 916">
    <p class='ocr_par' dir='ltr' id='par_1_3' title="bbox 180 703 1396 916">
     <span class='ocr_line' id='line_1_4' title="bbox 180 703 1274 796; baseline 0.012 -22"><span class='ocrx_word' id='word_1_20' title='bbox 180 789 182 796; x_wconf 28' lang='grc' dir='ltr'>Ι</span> <span class='ocrx_word' id='word_1_21' title='bbox 314 703 355 777; x_wconf 86' lang='lat' dir='ltr'>lis</span> <span class='ocrx_word' id='word_1_22' title='bbox 369 703 572 793; x_wconf 85' lang='lat' dir='ltr'>discederet,</span> <span class='ocrx_word' id='word_1_23' title='bbox 584 705 623 778; x_wconf 79' lang='lat' dir='ltr'>dt</span> <span class='ocrx_word' id='word_1_24' title='bbox 639 705 784 778; x_wconf 85' lang='lat' dir='ltr'>Romam</span> <span class='ocrx_word' id='word_1_25' title='bbox 798 705 950 780; x_wconf 74' lang='lat' dir='ltr'>veniret:</span> <span class='ocrx_word' id='word_1_26' title='bbox 968 708 1023 782; x_wconf 88' lang='lat' dir='ltr'>secl</span> <span class='ocrx_word' id='word_1_27' title='bbox 1040 710 1098 784; x_wconf 90' lang='lat' dir='ltr'>ille</span> <span class='ocrx_word' id='word_1_28' title='bbox 1118 731 1274 786; x_wconf 87' lang='lat' dir='ltr'>contem·</span> 
     </span>
     <span class='ocr_line' id='line_1_5' title="bbox 311 814 1396 916; baseline 0.01 -30"><span class='ocrx_word' id='word_1_29' title='bbox 311 814 372 905; x_wconf 85' lang='lat' dir='ltr'>fit,</span> <span class='ocrx_word' id='word_1_30' title='bbox 392 841 432 889; x_wconf 87' lang='lat' dir='ltr'>ac</span> <span class='ocrx_word' id='word_1_31' title='bbox 459 814 621 911; x_wconf 81' lang='lat' dir='ltr'>perstitit3</span> <span class='ocrx_word' id='word_1_32' title='bbox 647 839 711 889; x_wconf 85' lang='lat' dir='ltr'>nec</span> <span class='ocrx_word' id='word_1_33' title='bbox 735 814 826 913; x_wconf 85' lang='lat' dir='ltr'>prius</span> <span class='ocrx_word' id='word_1_34' title='bbox 849 817 1000 907; x_wconf 88' lang='lat' dir='ltr'>recellit,</span> <span class='ocrx_word' id='word_1_35' title='bbox 1026 841 1139 916; x_wconf 83' lang='lat' dir='ltr'>quam·</span> <span class='ocrx_word' id='word_1_36' title='bbox 1157 820 1274 896; x_wconf 87' lang='lat' dir='ltr'>omnia</span> <span class='ocrx_word' id='word_1_37' title='bbox 1394 863 1396 870; x_wconf 58' lang='lat'>&gt;</span> 
     </span>
    </p>
   </div>
   <div class='ocr_carea' id='block_1_4' title="bbox 311 921 1276 1562">
    <p class='ocr_par' dir='ltr' id='par_1_4' title="bbox 311 921 1276 1562">
     <span class='ocr_line' id='line_1_6' title="bbox 312 921 1274 1021; baseline 0.006 -25"><span class='ocrx_word' id='word_1_38' title='bbox 312 923 401 997; x_wconf 89' lang='lat' dir='ltr'>bella</span> <span class='ocrx_word' id='word_1_39' title='bbox 417 921 539 996; x_wconf 85' lang='lat' dir='ltr'>finiret.</span> <span class='ocrx_word' id='word_1_40' title='bbox 559 923 758 998; x_wconf 87' lang='lat' dir='ltr'>Provincias</span> <span class='ocrx_word' id='word_1_41' title='bbox 778 950 820 997; x_wconf 86' lang='lat' dir='ltr'>ex</span> <span class='ocrx_word' id='word_1_42' title='bbox 835 927 1134 1021; x_wconf 79' lang='lat' dir='ltr'>proconsularibus</span> <span class='ocrx_word' id='word_1_43' title='bbox 1151 930 1274 1006; x_wconf 83' lang='lat' dir='ltr'>consu·</span> 
     </span>
     <span class='ocr_line' id='line_1_7' title="bbox 313 1034 1274 1134; baseline 0.005 -26"><span class='ocrx_word' id='word_1_44' title='bbox 313 1041 416 1122; x_wconf 87' lang='lat' dir='ltr'>lares,</span> <span class='ocrx_word' id='word_1_45' title='bbox 435 1054 492 1107; x_wconf 86' lang='lat' dir='ltr'>aut</span> <span class='ocrx_word' id='word_1_46' title='bbox 507 1058 549 1107; x_wconf 83' lang='lat' dir='ltr'>ex</span> <span class='ocrx_word' id='word_1_47' title='bbox 568 1034 796 1108; x_wconf 88' lang='lat' dir='ltr'>consularibus</span> <span class='ocrx_word' id='word_1_48' title='bbox 812 1036 1092 1133; x_wconf 86' lang='lat' dir='ltr'>proconsulares,</span> <span class='ocrx_word' id='word_1_49' title='bbox 1109 1059 1167 1112; x_wconf 88' lang='lat' dir='ltr'>aut</span> <span class='ocrx_word' id='word_1_50' title='bbox 1186 1065 1274 1134; x_wconf 81' lang='lat' dir='ltr'>ptae-</span> 
     </span>
     <span class='ocr_line' id='line_1_8' title="bbox 311 1145 1275 1242; baseline 0.003 -22"><span class='ocrx_word' id='word_1_51' title='bbox 311 1145 435 1234; x_wconf 90' lang='lat' dir='ltr'>totias,</span> <span class='ocrx_word' id='word_1_52' title='bbox 449 1170 514 1242; x_wconf 92' lang='lat' dir='ltr'>pro</span> <span class='ocrx_word' id='word_1_53' title='bbox 532 1145 612 1219; x_wconf 87' lang='lat' dir='ltr'>belli</span> <span class='ocrx_word' id='word_1_54' title='bbox 633 1147 842 1235; x_wconf 78' lang='lat' dir='ltr'>necessitate,</span> <span class='ocrx_word' id='word_1_55' title='bbox 855 1145 946 1222; x_wconf 86' lang='lat' dir='ltr'>fecit.</span> <span class='ocrx_word' id='word_1_56' title='bbox 959 1149 1027 1220; x_wconf 86' lang='lat' dir='ltr'>Res</span> <span class='ocrx_word' id='word_1_57' title='bbox 1046 1148 1146 1222; x_wconf 89' lang='lat' dir='ltr'>etiam</span> <span class='ocrx_word' id='word_1_58' title='bbox 1162 1151 1198 1222; x_wconf 90' lang='lat' dir='ltr'>in</span> <span class='ocrx_word' id='word_1_59' title='bbox 1214 1152 1275 1223; x_wconf 88' lang='lat' dir='ltr'>Se-</span> 
     </span>
     <span class='ocr_line' id='line_1_9' title="bbox 311 1255 1275 1356; baseline 0.002 -28"><span class='ocrx_word' id='word_1_60' title='bbox 311 1255 432 1353; x_wconf 88' lang='lat' dir='ltr'>quanis</span> <span class='ocrx_word' id='word_1_61' title='bbox 459 1257 630 1347; x_wconf 86' lang='lat' dir='ltr'>turbatas,</span> <span class='ocrx_word' id='word_1_62' title='bbox 657 1257 794 1330; x_wconf 84' lang='lat' dir='ltr'>censura</span> <span class='ocrx_word' id='word_1_63' title='bbox 822 1259 860 1334; x_wconf 75' lang='lat' dir='ltr'>dt</span> <span class='ocrx_word' id='word_1_64' title='bbox 890 1255 1088 1332; x_wconf 76' lang='lat' dir='ltr'>auctoritare</span> <span class='ocrx_word' id='word_1_65' title='bbox 1116 1259 1275 1356; x_wconf 85' lang='lat' dir='ltr'>reprellit.</span> 
     </span>
     <span class='ocr_line' id='line_1_10' title="bbox 313 1355 1276 1465; baseline 0.001 -24"><span class='ocrx_word' id='word_1_66' title='bbox 313 1366 526 1464; x_wconf 82' lang='lat' dir='ltr'>Compofitae</span> <span class='ocrx_word' id='word_1_67' title='bbox 547 1391 600 1440; x_wconf 89' lang='lat' dir='ltr'>res</span> <span class='ocrx_word' id='word_1_68' title='bbox 621 1367 656 1439; x_wconf 91' lang='lat' dir='ltr'>in</span> <span class='ocrx_word' id='word_1_69' title='bbox 682 1366 864 1464; x_wconf 83' lang='lat' dir='ltr'>Hispania,</span> <span class='ocrx_word' id='word_1_70' title='bbox 892 1392 967 1465; x_wconf 83' lang='lat' dir='ltr'>quae</span> <span class='ocrx_word' id='word_1_71' title='bbox 991 1393 1053 1464; x_wconf 92' lang='lat' dir='ltr'>per</span> <span class='ocrx_word' id='word_1_72' title='bbox 1076 1355 1276 1444; x_wconf 74' lang='lat' dir='ltr'>Lusitaniam</span> 
     </span>
     <span class='ocr_line' id='line_1_11' title="bbox 314 1473 1275 1562; baseline 0.002 -14"><span class='ocrx_word' id='word_1_73' title='bbox 314 1473 458 1549; x_wconf 81' lang='lat' dir='ltr'>turbtltae</span> <span class='ocrx_word' id='word_1_74' title='bbox 474 1496 576 1549; x_wconf 89' lang='lat' dir='ltr'>erant.</span> <span class='ocrx_word' id='word_1_75' title='bbox 597 1475 684 1547; x_wconf 89' lang='lat' dir='ltr'>Filio</span> <span class='ocrx_word' id='word_1_76' title='bbox 708 1475 928 1562; x_wconf 84' lang='lat' dir='ltr'>Commodo,</span> <span class='ocrx_word' id='word_1_77' title='bbox 944 1477 1097 1549; x_wconf 80' lang='lat' dir='ltr'>arcellito</span> <span class='ocrx_word' id='word_1_78' title='bbox 1119 1477 1160 1549; x_wconf 93' lang='lat' dir='ltr'>ad</span> <span class='ocrx_word' id='word_1_79' title='bbox 1186 1477 1275 1550; x_wconf 88' lang='lat' dir='ltr'>limi·</span> 
     </span>
    </p>
   </div>
   <div class='ocr_carea' id='block_1_5' title="bbox 203 1584 1277 1683">
    <p class='ocr_par' dir='ltr' id='par_1_5' title="bbox 203 1584 1277 1683">
     <span class='ocr_line' id='line_1_12' title="bbox 203 1584 1277 1683; baseline -0.003 -21"><span class='ocrx_word' id='word_1_80' title='bbox 203 1584 212 1596; x_wconf 72' lang='grc'><em>’</em></span> <span class='ocrx_word' id='word_1_81' title='bbox 314 1605 407 1673; x_wconf 88' lang='lat' dir='ltr'>tem,</span> <span class='ocrx_word' id='word_1_82' title='bbox 425 1601 537 1683; x_wconf 82' lang='lat' dir='ltr'>togam</span> <span class='ocrx_word' id='word_1_83' title='bbox 550 1585 683 1656; x_wconf 82' lang='lat' dir='ltr'>virilem</span> <span class='ocrx_word' id='word_1_84' title='bbox 699 1584 810 1678; x_wconf 82' lang='lat' dir='ltr'>dedit,</span> <span class='ocrx_word' id='word_1_85' title='bbox 822 1609 926 1680; x_wconf 85' lang='lat' dir='ltr'>quare</span> <span class='ocrx_word' id='word_1_86' title='bbox 936 1586 1146 1682; x_wconf 85' lang='lat' dir='ltr'>congiarium</span> <span class='ocrx_word' id='word_1_87' title='bbox 1162 1611 1277 1683; x_wconf 86' lang='lat' dir='ltr'>popu·</span> 
     </span>
    </p>
   </div>
   <div class='ocr_carea' id='block_1_6' title="bbox 65 1692 1422 1802">
    <p class='ocr_par' dir='ltr' id='par_1_6' title="bbox 65 1692 1422 1802">
     <span class='ocr_line' id='line_1_13' title="bbox 65 1692 1422 1802; baseline 0.016 -46"><span class='ocrx_word' id='word_1_88' title='bbox 65 1773 69 1782; x_wconf 94' lang='lat'>.</span> <span class='ocrx_word' id='word_1_89' title='bbox 224 1722 231 1736; x_wconf 37' lang='lat' dir='ltr'>x</span> <span class='ocrx_word' id='word_1_90' title='bbox 313 1697 352 1771; x_wconf 92' lang='lat' dir='ltr'>lo</span> <span class='ocrx_word' id='word_1_91' title='bbox 366 1695 637 1786; x_wconf 82' lang='lat' dir='ltr'>divisit,&amp;eum</span> <span class='ocrx_word' id='word_1_92' title='bbox 652 1711 729 1802; x_wconf 76' lang='lat' dir='ltr'>ante</span> <span class='ocrx_word' id='word_1_93' title='bbox 742 1692 1069 1790; x_wconf 85' lang='lat' dir='ltr'>tempusConsulem</span> <span class='ocrx_word' id='word_1_94' title='bbox 1081 1696 1276 1794; x_wconf 83' lang='lat' dir='ltr'>defignavit.</span> <span class='ocrx_word' id='word_1_95' title='bbox 1421 1709 1422 1714; x_wconf 74' lang='grc'>’</span> 
     </span>
    </p>
   </div>
   <div class='ocr_carea' id='block_1_7' title="bbox 323 1803 1277 1904">
    <p class='ocr_par' dir='ltr' id='par_1_7' title="bbox 323 1803 1277 1904">
     <span class='ocr_line' id='line_1_14' title="bbox 323 1803 1277 1904; baseline 0 -25"><span class='ocrx_word' id='word_1_96' title='bbox 323 1849 326 1854; x_wconf 67' lang='lat'><em>,</em></span> <span class='ocrx_word' id='word_1_97' title='bbox 363 1808 488 1880; x_wconf 86' lang='lat' dir='ltr'>xxttt.</span> <span class='ocrx_word' id='word_1_98' title='bbox 503 1805 536 1876; x_wconf 86' lang='lat' dir='ltr'>Sl</span> <span class='ocrx_word' id='word_1_99' title='bbox 558 1804 633 1903; x_wconf 82' lang='lat' dir='ltr'>quis</span> <span class='ocrx_word' id='word_1_100' title='bbox 656 1829 803 1901; x_wconf 82' lang='lat' dir='ltr'>unquam</span> <span class='ocrx_word' id='word_1_101' title='bbox 826 1803 1032 1902; x_wconf 88' lang='lat' dir='ltr'>proscriptus</span> <span class='ocrx_word' id='word_1_102' title='bbox 1051 1805 1131 1879; x_wconf 80' lang='lat' dir='ltr'>effer</span> <span class='ocrx_word' id='word_1_103' title='bbox 1150 1831 1169 1878; x_wconf 90' lang='lat' dir='ltr'>a</span> <span class='ocrx_word' id='word_1_104' title='bbox 1190 1832 1277 1904; x_wconf 83' lang='lat' dir='ltr'>prar-</span> 
     </span>
    </p>
   </div>
   <div class='ocr_carea' id='block_1_8' title="bbox 313 1911 1422 2126">
    <p class='ocr_par' dir='ltr' id='par_1_8' title="bbox 313 1911 1422 2126">
     <span class='ocr_line' id='line_1_15' title="bbox 313 1911 1422 2016; baseline -0.004 -24"><span class='ocrx_word' id='word_1_105' title='bbox 313 1918 404 1994; x_wconf 73' lang='lat' dir='ltr'>seslo</span> <span class='ocrx_word' id='word_1_106' title='bbox 426 1918 536 2007; x_wconf 88' lang='lat' dir='ltr'>Urbi,</span> <span class='ocrx_word' id='word_1_107' title='bbox 558 1942 629 1989; x_wconf 92' lang='lat' dir='ltr'>non</span> <span class='ocrx_word' id='word_1_108' title='bbox 651 1911 797 1990; x_wconf 73' lang='lat' dir='ltr'>libentes</span> <span class='ocrx_word' id='word_1_109' title='bbox 816 1916 956 2013; x_wconf 85' lang='lat' dir='ltr'>accepit.</span> <span class='ocrx_word' id='word_1_110' title='bbox 970 1915 1042 2013; x_wconf 91' lang='lat' dir='ltr'>lpse</span> <span class='ocrx_word' id='word_1_111' title='bbox 1067 1917 1103 1990; x_wconf 87' lang='lat' dir='ltr'>in</span> <span class='ocrx_word' id='word_1_112' title='bbox 1125 1918 1292 2013; x_wconf 17' lang='lat' dir='ltr'>largitio-e</span> <span class='ocrx_word' id='word_1_113' title='bbox 1421 2011 1422 2016; x_wconf 5' lang='grc' dir='ltr'>ἵ</span> 
     </span>
     <span class='ocr_line' id='line_1_16' title="bbox 313 2026 1422 2126; baseline -0.005 -24"><span class='ocrx_word' id='word_1_114' title='bbox 313 2030 413 2102; x_wconf 88' lang='lat' dir='ltr'>nibus</span> <span class='ocrx_word' id='word_1_115' title='bbox 435 2027 590 2126; x_wconf 83' lang='lat' dir='ltr'>pecuniae</span> <span class='ocrx_word' id='word_1_116' title='bbox 612 2028 757 2125; x_wconf 84' lang='lat' dir='ltr'>publicae</span> <span class='ocrx_word' id='word_1_117' title='bbox 773 2027 976 2125; x_wconf 82' lang='lat' dir='ltr'>parcilstmus</span> <span class='ocrx_word' id='word_1_118' title='bbox 991 2026 1074 2102; x_wconf 86' lang='lat' dir='ltr'>fuit:</span> <span class='ocrx_word' id='word_1_119' title='bbox 1092 2031 1189 2125; x_wconf 89' lang='lat' dir='ltr'>quod</span> <span class='ocrx_word' id='word_1_120' title='bbox 1206 2028 1277 2100; x_wconf 85' lang='lat' dir='ltr'>lau·</span> <span class='ocrx_word' id='word_1_121' title='bbox 1421 2027 1422 2048; x_wconf 67' lang='lat'>³</span> 
     </span>
    </p>
   </div>
   <div class='ocr_carea' id='block_1_9' title="bbox 163 2139 1422 2347">
    <p class='ocr_par' dir='ltr' id='par_1_9' title="bbox 163 2139 1422 2347">
     <span class='ocr_line' id='line_1_17' title="bbox 195 2139 1422 2238; baseline -0.002 -26"><span class='ocrx_word' id='word_1_122' title='bbox 195 2211 198 2220; x_wconf 85' lang='grc'><strong><em>,</em></strong></span> <span class='ocrx_word' id='word_1_123' title='bbox 315 2141 350 2213; x_wconf 91' lang='lat' dir='ltr'>di</span> <span class='ocrx_word' id='word_1_124' title='bbox 372 2141 487 2238; x_wconf 88' lang='lat' dir='ltr'>potius</span> <span class='ocrx_word' id='word_1_125' title='bbox 514 2140 634 2229; x_wconf 83' lang='lat' dir='ltr'>datur,</span> <span class='ocrx_word' id='word_1_126' title='bbox 662 2161 764 2237; x_wconf 89' lang='lat' dir='ltr'>quam</span> <span class='ocrx_word' id='word_1_127' title='bbox 791 2139 1062 2236; x_wconf 78' lang='lat' dir='ltr'>reprehensioni:</span> <span class='ocrx_word' id='word_1_128' title='bbox 1085 2139 1140 2212; x_wconf 89' lang='lat' dir='ltr'>sed</span> <span class='ocrx_word' id='word_1_129' title='bbox 1166 2157 1276 2237; x_wconf 73' lang='lat' dir='ltr'>tamen</span> <span class='ocrx_word' id='word_1_130' title='bbox 1421 2169 1422 2188; x_wconf 52' lang='lat'>¹</span> 
     </span>
     <span class='ocr_line' id='line_1_18' title="bbox 163 2247 1422 2347; baseline -0.005 -22"><span class='ocrx_word' id='word_1_131' title='bbox 163 2293 169 2304; x_wconf 93' lang='lat'><strong>·</strong></span> <span class='ocrx_word' id='word_1_132' title='bbox 314 2251 466 2325; x_wconf 86' lang='lat' dir='ltr'>&amp;bonis</span> <span class='ocrx_word' id='word_1_133' title='bbox 485 2247 569 2322; x_wconf 81' lang='lat' dir='ltr'>viris</span> <span class='ocrx_word' id='word_1_134' title='bbox 589 2250 746 2345; x_wconf 87' lang='lat' dir='ltr'>pecunias</span> <span class='ocrx_word' id='word_1_135' title='bbox 767 2249 925 2340; x_wconf 88' lang='lat' dir='ltr'>dedit‚&amp;</span> <span class='ocrx_word' id='word_1_136' title='bbox 941 2249 1077 2347; x_wconf 91' lang='lat' dir='ltr'>oppidis</span> <span class='ocrx_word' id='word_1_137' title='bbox 1090 2247 1278 2322; x_wconf 89' lang='lat' dir='ltr'>labentibus</span> <span class='ocrx_word' id='word_1_138' title='bbox 1381 2307 1422 2333; x_wconf 63' lang='lat'>„</span> 
     </span>
    </p>
   </div>
   <div class='ocr_carea' id='block_1_10' title="bbox 314 2357 1280 2676">
    <p class='ocr_par' dir='ltr' id='par_1_10' title="bbox 314 2357 1280 2676">
     <span class='ocr_line' id='line_1_19' title="bbox 314 2357 1278 2458; baseline -0.005 -23"><span class='ocrx_word' id='word_1_139' title='bbox 314 2362 480 2438; x_wconf 87' lang='lat' dir='ltr'>auxilium</span> <span class='ocrx_word' id='word_1_140' title='bbox 495 2361 594 2452; x_wconf 86' lang='lat' dir='ltr'>tulit,</span> <span class='ocrx_word' id='word_1_141' title='bbox 609 2363 647 2436; x_wconf 79' lang='grc' dir='ltr'>δι</span> <span class='ocrx_word' id='word_1_142' title='bbox 661 2360 798 2450; x_wconf 83' lang='lat' dir='ltr'>tributa,</span> <span class='ocrx_word' id='word_1_143' title='bbox 812 2360 869 2434; x_wconf 89' lang='lat' dir='ltr'>vel</span> <span class='ocrx_word' id='word_1_144' title='bbox 884 2361 1078 2458; x_wconf 56' lang='lat' dir='ltr'>redimis,</span> <span class='ocrx_word' id='word_1_145' title='bbox 1091 2360 1148 2432; x_wconf 91' lang='lat' dir='ltr'>ubi</span> <span class='ocrx_word' id='word_1_146' title='bbox 1161 2357 1278 2434; x_wconf 87' lang='lat' dir='ltr'>neces·</span> 
     </span>
     <span class='ocr_line' id='line_1_20' title="bbox 314 2469 1279 2574; baseline -0.008 -27"><span class='ocrx_word' id='word_1_147' title='bbox 314 2473 390 2547; x_wconf 81' lang='lat' dir='ltr'>sitas</span> <span class='ocrx_word' id='word_1_148' title='bbox 409 2473 572 2574; x_wconf 85' lang='lat' dir='ltr'>cogebat,</span> <span class='ocrx_word' id='word_1_149' title='bbox 594 2470 730 2544; x_wconf 59' lang='lat' dir='ltr'>remisrtt</span> <span class='ocrx_word' id='word_1_150' title='bbox 753 2469 885 2542; x_wconf 78' lang='lat' dir='ltr'>Absens</span> <span class='ocrx_word' id='word_1_151' title='bbox 904 2469 1026 2566; x_wconf 90' lang='lat' dir='ltr'>populi</span> <span class='ocrx_word' id='word_1_152' title='bbox 1047 2469 1195 2542; x_wconf 85' lang='lat' dir='ltr'>Romani</span> <span class='ocrx_word' id='word_1_153' title='bbox 1211 2491 1279 2540; x_wconf 84' lang='lat' dir='ltr'>vo·</span> 
     </span>
     <span class='ocr_line' id='line_1_21' title="bbox 315 2571 1280 2676; baseline -0.006 -20"><span class='ocrx_word' id='word_1_154' title='bbox 315 2583 460 2676; x_wconf 89' lang='lat' dir='ltr'>lttptates</span> <span class='ocrx_word' id='word_1_155' title='bbox 484 2579 593 2654; x_wconf 87' lang='lat' dir='ltr'>curati</span> <span class='ocrx_word' id='word_1_156' title='bbox 611 2581 829 2652; x_wconf 86' lang='lat' dir='ltr'>vehementer</span> <span class='ocrx_word' id='word_1_157' title='bbox 847 2577 1007 2673; x_wconf 84' lang='lat' dir='ltr'>praecepit</span> <span class='ocrx_word' id='word_1_158' title='bbox 1026 2571 1087 2673; x_wconf 77' lang='lat' dir='ltr'>per</span> <span class='ocrx_word' id='word_1_159' title='bbox 1104 2575 1280 2650; x_wconf 85' lang='lat' dir='ltr'>ditillimos</span> 
     </span>
    </p>
   </div>
   <div class='ocr_carea' id='block_1_11' title="bbox 171 2685 1300 2784">
    <p class='ocr_par' dir='ltr' id='par_1_11' title="bbox 171 2685 1300 2784">
     <span class='ocr_line' id='line_1_22' title="bbox 171 2685 1300 2784; baseline -0.007 -18"><span class='ocrx_word' id='word_1_160' title='bbox 171 2739 174 2745; x_wconf 90' lang='lat'>·</span> <span class='ocrx_word' id='word_1_161' title='bbox 315 2693 475 2765; x_wconf 86' lang='lat' dir='ltr'>editores.</span> <span class='ocrx_word' id='word_1_162' title='bbox 495 2690 559 2763; x_wconf 90' lang='lat' dir='ltr'>suit</span> <span class='ocrx_word' id='word_1_163' title='bbox 578 2689 668 2762; x_wconf 89' lang='lat' dir='ltr'>enim</span> <span class='ocrx_word' id='word_1_164' title='bbox 693 2688 825 2784; x_wconf 90' lang='lat' dir='ltr'>populo</span> <span class='ocrx_word' id='word_1_165' title='bbox 845 2689 901 2766; x_wconf 90' lang='lat' dir='ltr'>hic</span> <span class='ocrx_word' id='word_1_166' title='bbox 920 2689 1050 2779; x_wconf 88' lang='lat' dir='ltr'>sermo,</span> <span class='ocrx_word' id='word_1_167' title='bbox 1072 2713 1148 2761; x_wconf 91' lang='lat' dir='ltr'>cum</span> <span class='ocrx_word' id='word_1_168' title='bbox 1171 2685 1300 2759; x_wconf 72' lang='lat' dir='ltr'>sustu-¹</span> 
     </span>
    </p>
   </div>
   <div class='ocr_carea' id='block_1_12' title="bbox 314 2795 1280 2892">
    <p class='ocr_par' dir='ltr' id='par_1_12' title="bbox 314 2795 1280 2892">
     <span class='ocr_line' id='line_1_23' title="bbox 314 2795 1280 2892; baseline -0.005 -20"><span class='ocrx_word' id='word_1_169' title='bbox 314 2799 402 2872; x_wconf 82' lang='lat' dir='ltr'>lillet</span> <span class='ocrx_word' id='word_1_170' title='bbox 423 2799 464 2871; x_wconf 89' lang='lat' dir='ltr'>&#39;ad</span> <span class='ocrx_word' id='word_1_171' title='bbox 476 2796 609 2871; x_wconf 75' lang='lat' dir='ltr'>,bellum</span> <span class='ocrx_word' id='word_1_172' title='bbox 635 2795 969 2892; x_wconf 85' lang='lat' dir='ltr'>gladiatores,quod</span> <span class='ocrx_word' id='word_1_173' title='bbox 996 2795 1280 2891; x_wconf 87' lang='lat' dir='ltr'>populum‚sub·</span> 
     </span>
    </p>
   </div>
   <div class='ocr_carea' id='block_1_13' title="bbox 168 2905 1421 3663">
    <p class='ocr_par' dir='ltr' id='par_1_13' title="bbox 168 2905 1421 3555">
     <span class='ocr_line' id='line_1_24' title="bbox 179 2905 1421 3008; baseline -0.005 -23"><span class='ocrx_word' id='word_1_174' title='bbox 179 2954 182 2964; x_wconf 40' lang='grc' dir='ltr'><strong><em>ι</em></strong></span> <span class='ocrx_word' id='word_1_175' title='bbox 255 2921 257 2926; x_wconf 88' lang='grc'><strong>’</strong></span> <span class='ocrx_word' id='word_1_176' title='bbox 315 2911 392 2985; x_wconf 87' lang='lat' dir='ltr'>latis</span> <span class='ocrx_word' id='word_1_177' title='bbox 412 2906 665 3004; x_wconf 88' lang='lat' dir='ltr'>voluptatibus,</span> <span class='ocrx_word' id='word_1_178' title='bbox 689 2905 791 2978; x_wconf 87' lang='lat' dir='ltr'>vellet</span> <span class='ocrx_word' id='word_1_179' title='bbox 811 2929 933 3004; x_wconf 85' lang='lat' dir='ltr'>cogere</span> <span class='ocrx_word' id='word_1_180' title='bbox 952 2907 993 2980; x_wconf 90' lang='lat' dir='ltr'>ad</span> <span class='ocrx_word' id='word_1_181' title='bbox 1013 2905 1283 3002; x_wconf 75' lang='lat' dir='ltr'>philosophiam:</span> <span class='ocrx_word' id='word_1_182' title='bbox 1420 2999 1421 3008; x_wconf 8' lang='grc' dir='ltr'>ἵ</span> 
     </span>
     <span class='ocr_line' id='line_1_25' title="bbox 315 3015 1421 3115; baseline -0.007 -22"><span class='ocrx_word' id='word_1_183' title='bbox 315 3019 450 3115; x_wconf 78' lang='lat' dir='ltr'>jusserat</span> <span class='ocrx_word' id='word_1_184' title='bbox 473 3017 584 3107; x_wconf 90' lang='lat' dir='ltr'>enim,</span> <span class='ocrx_word' id='word_1_185' title='bbox 607 3041 649 3089; x_wconf 89' lang='lat' dir='ltr'>ne</span> <span class='ocrx_word' id='word_1_186' title='bbox 672 3016 895 3090; x_wconf 89' lang='lat' dir='ltr'>mercimonia</span> <span class='ocrx_word' id='word_1_187' title='bbox 921 3015 1183 3112; x_wconf 85' lang='lat' dir='ltr'>impedirentur,</span> <span class='ocrx_word' id='word_1_188' title='bbox 1208 3035 1277 3088; x_wconf 88' lang='lat' dir='ltr'>tar·</span> <span class='ocrx_word' id='word_1_189' title='bbox 1420 3039 1421 3098; x_wconf 69' lang='grc' dir='ltr'>ς</span> 
     </span>
     <span class='ocr_line' id='line_1_26' title="bbox 317 3123 1421 3225; baseline -0.003 -24"><span class='ocrx_word' id='word_1_190' title='bbox 317 3129 395 3206; x_wconf 83' lang='lat' dir='ltr'>dius</span> <span class='ocrx_word' id='word_1_191' title='bbox 420 3125 653 3225; x_wconf 85' lang='lat' dir='ltr'>pantomimos</span> <span class='ocrx_word' id='word_1_192' title='bbox 678 3124 832 3198; x_wconf 80' lang='lat' dir='ltr'>exhiberi</span> <span class='ocrx_word' id='word_1_193' title='bbox 859 3147 932 3198; x_wconf 89' lang='lat' dir='ltr'>non</span> <span class='ocrx_word' id='word_1_194' title='bbox 957 3123 1049 3198; x_wconf 86' lang='lat' dir='ltr'>votis</span> <span class='ocrx_word' id='word_1_195' title='bbox 1072 3123 1199 3198; x_wconf 86' lang='lat' dir='ltr'>diebus.</span> <span class='ocrx_word' id='word_1_196' title='bbox 1223 3126 1279 3199; x_wconf 93' lang='lat' dir='ltr'>De</span> <span class='ocrx_word' id='word_1_197' title='bbox 1420 3135 1421 3180; x_wconf 55' lang='lat' dir='ltr'>l</span> 
     </span>
     <span class='ocr_line' id='line_1_27' title="bbox 318 3227 1421 3335; baseline -0.004 -24"><span class='ocrx_word' id='word_1_198' title='bbox 318 3227 434 3313; x_wconf 84' lang='lat' dir='ltr'>amatis</span> <span class='ocrx_word' id='word_1_199' title='bbox 448 3235 667 3335; x_wconf 78' lang='lat' dir='ltr'>pantomimis</span> <span class='ocrx_word' id='word_1_200' title='bbox 680 3235 723 3310; x_wconf 85' lang='lat' dir='ltr'>ab</span> <span class='ocrx_word' id='word_1_201' title='bbox 736 3261 846 3311; x_wconf 86' lang='lat' dir='ltr'>uxore</span> <span class='ocrx_word' id='word_1_202' title='bbox 860 3236 922 3310; x_wconf 91' lang='lat' dir='ltr'>suit</span> <span class='ocrx_word' id='word_1_203' title='bbox 935 3235 1066 3326; x_wconf 89' lang='lat' dir='ltr'>sermo,</span> <span class='ocrx_word' id='word_1_204' title='bbox 1080 3234 1280 3330; x_wconf 86' lang='lat' dir='ltr'>utsuperius</span> <span class='ocrx_word' id='word_1_205' title='bbox 1420 3261 1421 3270; x_wconf 53' lang='lat'>¹</span> 
     </span>
     <span class='ocr_line' id='line_1_28' title="bbox 319 3340 1419 3441; baseline -0.006 -20"><span class='ocrx_word' id='word_1_206' title='bbox 319 3345 476 3434; x_wconf 80' lang='lat' dir='ltr'>diximus.</span> <span class='ocrx_word' id='word_1_207' title='bbox 496 3345 561 3420; x_wconf 91' lang='lat' dir='ltr'>Sed</span> <span class='ocrx_word' id='word_1_208' title='bbox 582 3345 655 3420; x_wconf 79' lang='lat' dir='ltr'>haec</span> <span class='ocrx_word' id='word_1_209' title='bbox 672 3346 788 3420; x_wconf 88' lang='lat' dir='ltr'>omnia</span> <span class='ocrx_word' id='word_1_210' title='bbox 811 3353 871 3440; x_wconf 86' lang='lat' dir='ltr'>p&#39;er</span> <span class='ocrx_word' id='word_1_211' title='bbox 890 3341 1047 3441; x_wconf 83' lang='lat' dir='ltr'>epistolas</span> <span class='ocrx_word' id='word_1_212' title='bbox 1063 3340 1135 3415; x_wconf 89' lang='lat' dir='ltr'>suas</span> <span class='ocrx_word' id='word_1_213' title='bbox 1157 3367 1280 3440; x_wconf 79' lang='lat' dir='ltr'>purga·</span> <span class='ocrx_word' id='word_1_214' title='bbox 1418 3367 1419 3370; x_wconf 68' lang='grc'>’</span> 
     </span>
     <span class='ocr_line' id='line_1_29' title="bbox 168 3451 1342 3555; baseline -0.004 -28"><span class='ocrx_word' id='word_1_215' title='bbox 168 3467 172 3474; x_wconf 90' lang='grc'><strong>’</strong></span> <span class='ocrx_word' id='word_1_216' title='bbox 317 3456 382 3531; x_wconf 84' lang='lat' dir='ltr'>vit.</span> <span class='ocrx_word' id='word_1_217' title='bbox 407 3455 496 3529; x_wconf 88' lang='lat' dir='ltr'>ldem</span> <span class='ocrx_word' id='word_1_218' title='bbox 526 3457 660 3530; x_wconf 88' lang='lat' dir='ltr'>Marcus</span> <span class='ocrx_word' id='word_1_219' title='bbox 684 3456 789 3528; x_wconf 90' lang='lat' dir='ltr'>sederi</span> <span class='ocrx_word' id='word_1_220' title='bbox 815 3454 851 3527; x_wconf 92' lang='lat' dir='ltr'>in</span> <span class='ocrx_word' id='word_1_221' title='bbox 884 3451 1080 3555; x_wconf 79' lang='lat' dir='ltr'>civitatibus</span> <span class='ocrx_word' id='word_1_222' title='bbox 1106 3451 1214 3522; x_wconf 85' lang='lat' dir='ltr'>vetuit</span> <span class='ocrx_word' id='word_1_223' title='bbox 1242 3451 1278 3522; x_wconf 92' lang='lat' dir='ltr'>in</span> <span class='ocrx_word' id='word_1_224' title='bbox 1329 3529 1342 3551; x_wconf 27' lang='lat' dir='ltr'>x</span> 
     </span>
    </p>

    <p class='ocr_par' dir='ltr' id='par_1_14' title="bbox 318 3559 1420 3663">
     <span class='ocr_line' id='line_1_30' title="bbox 318 3559 1420 3663; baseline -0.004 -27"><span class='ocrx_word' id='word_1_225' title='bbox 318 3564 427 3663; x_wconf 87' lang='lat' dir='ltr'>equis,</span> <span class='ocrx_word' id='word_1_226' title='bbox 442 3563 514 3640; x_wconf 87' lang='lat' dir='ltr'>live</span> <span class='ocrx_word' id='word_1_227' title='bbox 531 3564 857 3641; x_wconf 75' lang='lat' dir='ltr'>vehiculistlavacra</span> <span class='ocrx_word' id='word_1_228' title='bbox 874 3559 975 3634; x_wconf 84' lang='lat' dir='ltr'>mixta</span> <span class='ocrx_word' id='word_1_229' title='bbox 989 3559 1184 3634; x_wconf 85' lang='lat' dir='ltr'>submovit:</span> <span class='ocrx_word' id='word_1_230' title='bbox 1200 3584 1278 3631; x_wconf 92' lang='lat' dir='ltr'>mo·</span> <span class='ocrx_word' id='word_1_231' title='bbox 1418 3605 1420 3632; x_wconf 48' lang='lat' dir='ltr'>s</span> 
     </span>
    </p>
   </div>
   <div class='ocr_carea' id='block_1_14' title="bbox 256 3667 1376 3882">
    <p class='ocr_par' dir='ltr' id='par_1_15' title="bbox 256 3667 1376 3882">
     <span class='ocr_line' id='line_1_31' title="bbox 319 3667 1376 3768; baseline -0.006 -24"><span class='ocrx_word' id='word_1_232' title='bbox 319 3697 371 3744; x_wconf 87' lang='lat' dir='ltr'>res</span> <span class='ocrx_word' id='word_1_233' title='bbox 385 3692 614 3748; x_wconf 86' lang='lat' dir='ltr'>matronarum</span> <span class='ocrx_word' id='word_1_234' title='bbox 627 3671 820 3768; x_wconf 89' lang='lat' dir='ltr'>composuit</span> <span class='ocrx_word' id='word_1_235' title='bbox 833 3669 1041 3760; x_wconf 84' lang='lat' dir='ltr'>diffluentes,</span> <span class='ocrx_word' id='word_1_236' title='bbox 1058 3675 1095 3744; x_wconf 77' lang='grc' dir='ltr'>δι</span> <span class='ocrx_word' id='word_1_237' title='bbox 1114 3667 1278 3762; x_wconf 86' lang='lat' dir='ltr'>juvenum</span> <span class='ocrx_word' id='word_1_238' title='bbox 1374 3745 1376 3752; x_wconf 58' lang='grc'>,</span> 
     </span>
     <span class='ocr_line' id='line_1_32' title="bbox 256 3770 1279 3882; baseline -0.003 -25"><span class='ocrx_word' id='word_1_239' title='bbox 256 3797 258 3804; x_wconf 68' lang='grc'><strong>”</strong></span> <span class='ocrx_word' id='word_1_240' title='bbox 317 3784 499 3865; x_wconf 84' lang='lat' dir='ltr'>nobilium.</span> <span class='ocrx_word' id='word_1_241' title='bbox 512 3789 611 3865; x_wconf 88' lang='lat' dir='ltr'>Sacra</span> <span class='ocrx_word' id='word_1_242' title='bbox 622 3779 788 3882; x_wconf 85' lang='lat' dir='ltr'>Serapidis</span> <span class='ocrx_word' id='word_1_243' title='bbox 803 3809 822 3858; x_wconf 89' lang='lat' dir='ltr'>a</span> <span class='ocrx_word' id='word_1_244' title='bbox 837 3782 1035 3882; x_wconf 78' lang='lat' dir='ltr'>vulgaritate</span> <span class='ocrx_word' id='word_1_245' title='bbox 1048 3770 1186 3856; x_wconf 76' lang='lat' dir='ltr'>Petufiae</span> <span class='ocrx_word' id='word_1_246' title='bbox 1201 3781 1279 3854; x_wconf 86' lang='lat' dir='ltr'>sub·</span> 
     </span>
    </p>
   </div>
   <div class='ocr_carea' id='block_1_15' title="bbox 0 0 1454 4828">
    <p class='ocr_par' dir='ltr' id='par_1_16' title="bbox 0 0 1454 4828">
     <span class='ocr_line' id='line_1_33' title="bbox 0 0 1454 4828; baseline 0 0"><span class='ocrx_word' id='word_1_247' title='bbox 0 0 1454 4828; x_wconf 95' lang='lat' dir='ltr'> </span> 
     </span>
    </p>
   </div>
  </div>
 </body>
</html>
