2932 4824
374 345 438 417 mu
525 263 1188 392 AEurtsPnRTtnul

368 475 511 564 ratotis;
525 501 626 576 quem
644 479 682 552 δι
696 435 947 552 Consulembis
958 471 1106 566 feceret,
1124 475 1163 552 δι
1176 476 1341 552 omnibus

369 585 467 660 bellis
483 585 728 684 praeposuerat,
740 609 816 682 quae
832 584 1021 683 graviffima
1033 608 1117 658 tunc
1130 585 1288 673 fuerunt3
1299 591 1341 660 dc
1443 614 1449 679 t

369 693 416 767 ita
435 691 593 790 quidem,
612 711 650 767 ut
674 692 847 769 videretur
863 693 1087 768 alattonibus
1105 695 1315 770 interemtus.

419 803 478 879 lv.
496 803 631 878 Deinde
651 801 688 876 in
714 801 895 899 conspeetu
924 800 997 895 ejus
1020 801 1220 900 Papinianus
1243 803 1338 878 secu·

369 913 400 988 ti
427 911 597 1010 perculsus
620 911 687 1001 etl,
708 914 746 986 dt
772 935 790 982 a
818 908 981 984 militibus
1004 910 1137 984 occisus
1157 915 1257 1009 r'quo
1286 911 1338 985 fa-

241 1091 245 1101 ,
368 1023 428 1096 llo
452 1020 640 1118 percuffori
654 1018 758 1105 dixit,
771 1021 892 1104 Gladio
906 1043 934 1089 te
947 1019 1073 1122 exsequi
1091 1027 1225 1114 oportuit
1238 1047 1339 1094 meum

366 1128 495 1228 juffum.
515 1128 658 1221 Occisus
670 1127 719 1200 est
740 1126 840 1200 etiam
860 1125 933 1219 eius
955 1126 1038 1220 juffu
1065 1128 1245 1203 Petronius
1260 1147 1338 1202 ante

371 1238 535 1335 templum
555 1237 644 1312 Divi
668 1236 741 1324 Pii,
755 1237 924 1334 malleque
939 1235 1020 1310 'sunt
1042 1260 1164 1326 eorum
1189 1265 1250 1335 per
1264 1240 1338 1336 pla·

371 1368 459 1422 team
477 1347 659 1438 cadavera,
680 1345 748 1420 tine
768 1347 880 1445 aliqua
901 1346 1117 1422 humanitatis
1137 1350 1339 1424 reverentia.

371 1455 495 1530 Filium
516 1480 628 1529 autem
650 1452 845 1550 Papiniani,
869 1452 928 1551 qui
954 1473 1033 1528 aute
1059 1455 1205 1530 triduum
1232 1459 1337 1551 Quae·

1442 856 1449 1019 l

109 1563 118 1580 '
210 1570 213 1574 ’
372 1565 444 1638 llot
464 1565 666 1660 opulentum
683 1586 806 1636 munus
827 1562 998 1653 ediderat,
1013 1563 1192 1638 interemit.
1215 1565 1338 1642 Iisdem
1448 1575 1449 1592 *

260 1749 263 1756 ,
374 1673 496 1754 diebus,
508 1669 611 1746 occist
629 1668 705 1742 sunt
721 1669 915 1758 innumeri,
940 1672 999 1768 qui
1024 1671 1135 1745 fratris
1158 1669 1231 1761 eius
1256 1699 1338 1771 per·
1443 1656 1448 1729 l

374 1782 463 1856 ribus
483 1780 651 1854 faverant.
674 1780 787 1856 Occifi
806 1780 905 1854 etiam
925 1779 1059 1870 libeni,
1078 1779 1139 1876 qui
1156 1785 1254 1855 Geta
1279 1785 1338 1855 ad·
1440 1808 1448 1899 j

375 1887 659 1964 ministraverant.
678 1888 796 1962 Caedes
815 1887 936 1968 deinde
955 1887 992 1959 in
1012 1888 1173 1965 omnibus
1194 1887 1281 1963 locis
1302 1893 1340 1963 δι

375 2001 412 2076 in
432 1998 559 2073 balneis
575 1997 679 2072 saue.
695 1995 878 2096 Occilique
896 1997 1053 2070 nonnulli
1075 1995 1176 2070 etiam
1196 2022 1339 2094 coenan·

377 2131 445 2185 tes:
465 2110 554 2184 inter
572 2134 661 2208 quos
680 2108 781 2182 etiam
802 2108 1036 2188 Sammonicus
1050 2109 1222 2196 Serenus,
1245 2106 1339 2201 cujus

219 2301 220 2306 ,
375 2218 453 2293 libri
469 2219 606 2315 plurimi
619 2219 662 2292 ad
678 2217 865 2302 dodlrinam
882 2216 1020 2290 exstant.
1039 2215 1260 2296 lulummustt
1271 2215 1341 2300 ,dis-

375 2327 505 2404 crimen
525 2326 625 2400 etiem
648 2325 729 2398 Cilo
746 2325 867 2414 iterum
885 2323 1063 2396 Praefedlus
1079 2326 1117 2400 δι
1133 2323 1265 2398 Consul
1283 2347 1341 2396 ve·

377 2563 440 2620 rat.
456 2545 498 2617 Et
514 2569 593 2619 eum
616 2542 705 2617 idem
720 2541 802 2617 Cilo
818 2541 945 2616 sublata
966 2540 1056 2614 velie
1073 2541 1262 2630 senatoria,
1275 2567 1342 2645 nu-

374 2655 428 2728 dis
447 2655 606 2752 pedibus,
634 2651 924 2734 aburbanicianis
954 2671 1068 2747 raptus
1100 2651 1203 2742 ellet,
1232 2656 1342 2727 Anto·

340 2827 342 2832 .
375 2763 477 2834 ninus
493 2760 693 2832 seditionem
709 2761 916 2854 compreffit.
933 2757 1059 2840 Multas
1078 2779 1238 2858 praterea
1250 2760 1340 2858 poll·

375 2895 414 2944 ea
437 2870 543 2948 eaedes
563 2869 598 2942 in
625 2868 719 2943 Urbe
745 2868 849 2958 fecit,
868 2872 985 2967 pallim
1005 2873 1149 2968 raptisa
1175 2872 1342 2948 militibus

376 2979 552 3056 nonnullis
574 2979 796 3068 hominibus,
810 2982 848 3057 δι
873 2981 1012 3070 ocellis,
1033 2983 1130 3080 quase
1139 2983 1343 3058 seditionem

252 2493 257 2502 .
329 2501 332 2508 .
375 2437 445 2528 nit,
464 2438 512 2512 ob
531 2434 734 2532 hoc,quod
753 2434 972 2509 concordiam
985 2435 1075 2508 inter
1089 2433 1209 2508 fratres
1234 2435 1342 2508 suase·
1448 2457 1449 2468 ¹

375 3088 563 3166 vindicans.
582 3089 745 3172 Helvium
768 3088 997 3180 Pertinacem,
1015 3091 1189 3170 suffedium
1206 3092 1344 3171 Consu
1447 3121 1448 3153 t

375 3201 465 3291 lem,
483 3202 531 3272 ob
550 3200 617 3273 hoc
636 3199 769 3302 lulum,
788 3201 884 3296 quod
899 3197 988 3272 filius
1010 3201 1089 3274 effer
1105 3202 1342 3299 Imperatoris,

373 3310 514 3387 occidit.
530 3310 652 3406 Neque
672 3310 811 3384 cederit
828 3335 977 3405 unquam
995 3308 1055 3383 sub
1075 3308 1219 3390 diverses
1240 3332 1345 3384 occu·
1446 3371 1447 3374 ,

374 3421 526 3496 tionibus
547 3443 608 3508 eos
632 3418 845 3508 interficere,
867 3419 926 3538 qui
947 3417 1059 3492 fratris
1076 3419 1175 3495 amici
1197 3417 1345 3493 fuissent.
1446 3481 1447 3484 ,

376 3533 472 3627 Saepe
501 3531 536 3604 in
563 3530 743 3609 Senatum,
768 3527 854 3624 saepe
874 3529 910 3600 in
933 3529 1099 3624 populum
1122 3528 1263 3626 supetbe
1289 3528 1346 3602 in·

378 3641 491 3718 vedius
513 3638 581 3727 est,
604 3655 661 3711 rut
689 3635 804 3710 edidis
827 3635 1030 3732 propositis,
1045 3653 1102 3708 aut
1129 3635 1344 3714 orationibus
1445 3669 1446 3674 ¹

374 3749 493 3839 editis,
507 3746 633 3822 Sullam
647 3744 679 3820 se
696 3743 797 3830 etiam
812 3743 990 3829 ostendens
1006 3743 1168 3835 fututum.
