2782 4814
1211 107 1232 147 Χ

355 321 411 428 xi
508 350 782 458 norma
814 352 1208 441 aroannam

344 513 399 602 ,est
412 537 490 586 curn
505 511 654 586 dislione
672 507 839 606 Spartiani
854 508 1059 602 fimititudo,
1074 529 1132 597 ut,
1152 511 1173 582 st
1187 511 1305 585 diversi
1384 493 1385 496 Ἴ

352 628 427 699 sunt
447 625 599 698 auuores
621 621 798 708 censendi,
817 643 889 692 uno
907 621 1013 693 veluti
1039 645 1100 694 ore
1121 624 1227 696 locuti
1246 623 1306 697 vi·
1384 607 1385 682 Ϊ

351 735 503 806 deantur.

401 845 482 913 Vita
503 843 668 914 Commodi
686 840 849 910 Antonini
868 836 928 909 sub
947 836 1087 910 nomine
1107 843 1195 914 AElii
1205 828 1307 912 'Lorn-
1384 891 1385 913 t

344 957 445 1048 pridii
472 950 604 1048 legitur.
634 949 806 1021 Robertus
838 972 857 1020 a
886 950 988 1020 Porta
1017 951 1101 1020 Julii
1134 954 1308 1043 Capitolini

348 1088 423 1136 eam
445 1061 510 1134 esse
530 1051 632 1134 dicit:
657 1059 694 1131 in
713 1057 862 1155 antiquis
880 1057 945 1131 illis
960 1057 1129 1154 *excerptis
1152 1061 1309 1136 Palatinis
1384 1055 1385 1060 ¹

347 1173 457 1276 eitlem
489 1170 686 1244 adscribitur
710 1173 894 1266 Spartiano.
924 1174 1034 1244 Publii
1062 1187 1175 1243 autem
1201 1173 1310 1262 Holvii

217 1326 219 1332 ·
347 1286 523 1354 Pertinacis
539 1271 554 1330 ¹⁸
580 1280 692 1360 vitam,
711 1277 800 1352 tutio
822 1276 1041 1374 Capitolino,
1062 1278 1120 1373 qui
1141 1279 1230 1351 circa
1253 1305 1309 1354 an.

348 1394 390 1464 C.
408 1393 470 1488 335
490 1389 578 1462 vitas
592 1395 837 1484 Imperatorum
862 1387 989 1482 scripsit
1009 1388 1044 1459 in
1063 1387 1310 1484 gratiamCon·

346 1497 482 1572 stantini
500 1501 546 1568 M.
560 1497 642 1570 editi
663 1499 701 1568 &
721 1495 833 1590 scripti
854 1493 931 1564 libri
946 1492 1119 1582 tribuunt,
1134 1518 1234 1591 quarn
1252 1496 1310 1570 iti·
1384 1557 1385 1562 ,

346 1609 422 1680 dem
443 1607 608 1701 Spartiani
626 1607 689 1679 esse
709 1606 857 1678 innuunt
874 1626 1032 1699 excerpta
1054 1624 1169 1680 vetera
1186 1608 1310 1681 Palati·

346 1739 399 1785 nae
427 1713 512 1784 Bibl.
537 1714 626 1784 Vitae
651 1711 754 1784 Didii
780 1713 930 1800 inliniri,
958 1717 1107 1806 Septimii
1132 1713 1237 1789 Severi
1266 1717 1307 1790 &
1384 1723 1385 1728 ’

346 1825 507 1918 Pescennii
529 1827 647 1919 Nigri,
671 1827 847 1917 Spartiano
877 1822 1109 1896 adscribuntur
1136 1825 1235 1898 etiarn
1268 1827 1308 1898 in
1384 1821 1385 1904 l

345 1931 494 2028 vulgaris
518 1934 556 2006 &
583 1931 713 2028 scriptis
736 1931 849 2021 libris,
875 1933 1057 2030 nist-quod
1079 1934 1190 2008 codex
1219 1939 1308 2034 regis
1384 1923 1385 2004 l

345 2040 466 2113 Gauiae
493 2037 597 2114 vitam
628 2045 731 2111 Stoeni
757 2039 875 2112 tribuit
904 2044 993 2116 Julio
1020 2047 1225 2136 Capitolino:
1249 2043 1308 2116 sed

344 2151 462 2246 utique
476 2175 561 2222 unus
581 2151 698 2224 truslot
717 2151 805 2223 vitas
824 2151 897 2224 illas
919 2167 986 2250 tres
1007 2151 1218 2249 composuit,
1232 2177 1308 2226 non
1357 2216 1359 2219 .

343 2257 455 2361 minut
470 2282 570 2354 quarn
592 2264 690 2332 vitam
715 2263 821 2332 Clodii
834 2264 974 2350 Albini,
989 2282 1064 2357 quae
1076 2259 1119 2340 ⁴in
1142 2259 1239 2333 editis
1254 2261 1309 2332 se·
1384 2265 1385 2336 l

341 2367 458 2462 quitur
481 2367 541 2440 sub
557 2369 697 2442 nornine
717 2376 799 2447 Julii
821 2373 1013 2467 Capitolini:
1038 2391 1072 2441 at
1085 2368 1121 2440 in
1136 2373 1311 2477 eacerpris

340 2477 497 2549 Palatinis
519 2479 638 2554 teslius
664 2478 808 2554 refertur
829 2483 872 2554 ad
889 2485 1106 2576 Spanianum.
1128 2480 1208 2553 Vita
1229 2490 1312 2552 An·
1384 2507 1385 2526 t

209 2667 214 2675 „
341 2581 446 2656 torit'ni
466 2589 634 2658 Caracallo
655 2589 694 2659 &
715 2594 881 2660 Antonini
903 2591 987 2660 Getae
1006 2587 1113 2660 dicata
1134 2586 1310 2660 Constan-
1384 2611 1385 2614 ’

341 2694 417 2764 tino
439 2697 522 2787 lmp.
542 2700 706 2788 Spaniam
725 2721 851 2768 nomen
877 2695 1013 2791 profert
1033 2714 1101 2768 tarn
1124 2693 1309 2788 ineditis,
1384 2709 1385 2788 j

341 2825 443 2898 quarn
465 2800 656 2896 inscriptis.
677 2805 865 2896 Utramque
885 2805 926 2872 ab
949 2814 1021 2873 uno
1046 2805 1202 2891 aussore,
1221 2803 1322 2877 illo·

339 2935 405 3006 que
421 2909 618 3006 Spaniam,
633 2909 788 3005 scriptam
803 2909 1224 2998 esse,osttnditSalmas1us
1240 2915 1306 2984 ad·

339 3021 454 3094 versus
467 3020 625 3122 ¹isaacum
644 3019 903 3109 casaubonum,
921 3019 979 3116 qui
995 3020 1036 3123 dt
1059 3020 1131 3096 vita
1154 3023 1306 3098 Antoni·

337 3127 374 3199 ni
401 3131 499 3200 Getae
528 3126 702 3226 ambiguus
729 3127 863 3220 suerat,
892 3128 988 3225 quod
1011 3127 1047 3204 in
1068 3128 1126 3201 illa
1146 3130 1306 3225 quandam

335 3236 488 3325 diversa,
505 3263 606 3334 quarn
626 3239 661 3309 in
679 3237 850 3333 superiore
875 3232 1067 3327 tradantur,
1081 3264 1159 3336 quae
1175 3240 1306 3315 Salma·
1384 3307 1385 3340 p

135 3356 141 3378 f
288 3407 289 3410 ,
336 3344 401 3420 sius
427 3345 462 3416 in
485 3344 638 3421 diversos
661 3348 813 3420 aussores
839 3345 969 3443 rejicit,
993 3371 1082 3445 quos
1102 3349 1307 3446 Spartianus
1384 3349 1385 3386 ³

378 3569 404 3610 r.
430 3549 631 3612 Pertinacis&
651 3549 729 3612 Didii
741 3551 759 3626 J
779 3588 792 3604 .
835 3546 902 3610 ‘ricis
928 3551 1143 3632 prooemialibus.
1168 3550 1305 3696 Religuas

295 3628 300 3644 ‘
332 3629 394 3690 liani
417 3653 451 3692 ac-
477 3631 553 3712 Sept.
579 3629 676 3693 Severi
702 3637 790 3714 vitant
839 3631 977 3691 universas
990 3632 1073 3713 usque
1089 3634 1124 3693 ad
1135 3633 1206 3692 vitas
1253 3657 1307 3696 or.

332 3709 494 3790 Lampridio
505 3714 623 3774 tribuere
633 3714 740 3774 mavult
750 3713 789 3775 H.
839 3712 1086 3795 itinerandum
1098 3713 1268 3798 Capitolino.

333 3790 500 3862 Dodwellus
519 3796 544 3854 in
563 3795 689 3877 praeletlt.
700 3793 792 3857 histo·
1105 3815 1124 3826 ¹·

1384 2957 1385 2991 t

1384 3023 1385 3062 l

1384 3073 1385 3130 l

1383 3185 1385 3241 l
