<?xml version="1.0" encoding="UTF-8"?>
<!DOCTYPE html PUBLIC "-//W3C//DTD XHTML 1.0 Transitional//EN"
    "http://www.w3.org/TR/xhtml1/DTD/xhtml1-transitional.dtd">
<html xmlns="http://www.w3.org/1999/xhtml" xml:lang="en" lang="en">
 <head>
  <title>
</title>
<meta http-equiv="Content-Type" content="text/html;charset=utf-8" />
  <meta name='ocr-system' content='tesseract 3.04.00' />
  <meta name='ocr-capabilities' content='ocr_page ocr_carea ocr_par ocr_line ocrx_word'/>
</head>
<body>
  <div class='ocr_page' id='page_1' title='image "./historiaugustsc00bipogoog_0181.png"; bbox 0 0 2932 4824; ppageno 0'>
   <div class='ocr_carea' id='block_1_1' title="bbox 431 247 458 288">
    <p class='ocr_par' dir='ltr' id='par_1_1' title="bbox 431 247 458 288">
     <span class='ocr_line' id='line_1_1' title="bbox 431 247 458 288; baseline 0 0"><span class='ocrx_word' id='word_1_1' title='bbox 431 247 458 288; x_wconf 58' lang='lat' dir='ltr'>S</span> 
     </span>
    </p>
   </div>
   <div class='ocr_carea' id='block_1_2' title="bbox 138 281 1089 433">
    <p class='ocr_par' dir='ltr' id='par_1_2' title="bbox 138 281 1089 433">
     <span class='ocr_line' id='line_1_2' title="bbox 138 281 1089 433; baseline 0 -25"><span class='ocrx_word' id='word_1_2' title='bbox 138 281 143 288; x_wconf 54' lang='grc'><strong>’</strong></span> <span class='ocrx_word' id='word_1_3' title='bbox 265 332 897 410; x_wconf 73' lang='grc' dir='ltr'>-υιοιυειυιιιιιυε,</span> <span class='ocrx_word' id='word_1_4' title='bbox 1011 359 1089 433; x_wconf 62' lang='lat'>,139</span> 
     </span>
    </p>
   </div>
   <div class='ocr_carea' id='block_1_3' title="bbox 119 485 1096 1580">
    <p class='ocr_par' dir='ltr' id='par_1_3' title="bbox 122 485 1093 1028">
     <span class='ocr_line' id='line_1_3' title="bbox 125 485 1091 596; baseline 0.002 -28"><span class='ocrx_word' id='word_1_5' title='bbox 125 492 217 568; x_wconf 88' lang='lat' dir='ltr'>enim</span> <span class='ocrx_word' id='word_1_6' title='bbox 244 493 404 596; x_wconf 86' lang='lat' dir='ltr'>decebat,</span> <span class='ocrx_word' id='word_1_7' title='bbox 425 513 483 583; x_wconf 90' lang='lat' dir='ltr'>ut,</span> <span class='ocrx_word' id='word_1_8' title='bbox 507 485 585 568; x_wconf 74' lang='lat' dir='ltr'>cuni</span> <span class='ocrx_word' id='word_1_9' title='bbox 610 496 749 566; x_wconf 88' lang='lat' dir='ltr'>Senatus</span> <span class='ocrx_word' id='word_1_10' title='bbox 772 493 900 590; x_wconf 75' lang='lat' dir='ltr'>hostem</span> <span class='ocrx_word' id='word_1_11' title='bbox 928 495 1091 570; x_wconf 81' lang='lat' dir='ltr'>Severum</span> 
     </span>
     <span class='ocr_line' id='line_1_4' title="bbox 122 602 1090 701; baseline 0.003 -25"><span class='ocrx_word' id='word_1_12' title='bbox 122 604 247 684; x_wconf 77' lang='lat' dir='ltr'>loliani</span> <span class='ocrx_word' id='word_1_13' title='bbox 276 604 371 680; x_wconf 87' lang='lat' dir='ltr'>causa</span> <span class='ocrx_word' id='word_1_14' title='bbox 388 602 580 698; x_wconf 81' lang='lat' dir='ltr'>judicasset,</span> <span class='ocrx_word' id='word_1_15' title='bbox 599 605 743 680; x_wconf 83' lang='lat' dir='ltr'>eundem</span> <span class='ocrx_word' id='word_1_16' title='bbox 767 606 935 678; x_wconf 83' lang='lat' dir='ltr'>lulianum</span> <span class='ocrx_word' id='word_1_17' title='bbox 956 629 1090 701; x_wconf 86' lang='lat' dir='ltr'>patere-</span> 
     </span>
     <span class='ocr_line' id='line_1_5' title="bbox 123 713 1091 810; baseline -0.001 -20"><span class='ocrx_word' id='word_1_18' title='bbox 123 733 181 790; x_wconf 90' lang='lat' dir='ltr'>tur</span> <span class='ocrx_word' id='word_1_19' title='bbox 204 715 372 792; x_wconf 84' lang='lat' dir='ltr'>inseslum.</span> <span class='ocrx_word' id='word_1_20' title='bbox 394 719 508 810; x_wconf 84' lang='lat' dir='ltr'>Quare</span> <span class='ocrx_word' id='word_1_21' title='bbox 528 715 668 788; x_wconf 88' lang='lat' dir='ltr'>meliore</span> <span class='ocrx_word' id='word_1_22' title='bbox 692 713 838 790; x_wconf 89' lang='lat' dir='ltr'>consilio</span> <span class='ocrx_word' id='word_1_23' title='bbox 865 715 907 788; x_wconf 91' lang='lat' dir='ltr'>ad</span> <span class='ocrx_word' id='word_1_24' title='bbox 931 717 1091 789; x_wconf 83' lang='lat' dir='ltr'><strong>Senatum</strong></span> 
     </span>
     <span class='ocr_line' id='line_1_6' title="bbox 126 821 1093 922; baseline 0.005 -24"><span class='ocrx_word' id='word_1_25' title='bbox 126 823 247 912; x_wconf 83' lang='lat' dir='ltr'>venit,</span> <span class='ocrx_word' id='word_1_26' title='bbox 262 823 443 922; x_wconf 85' lang='lat' dir='ltr'>petiitque,</span> <span class='ocrx_word' id='word_1_27' title='bbox 460 844 494 896; x_wconf 93' lang='lat' dir='ltr'>ut</span> <span class='ocrx_word' id='word_1_28' title='bbox 505 821 605 896; x_wconf 76' lang='lat' dir='ltr'>derat</span> <span class='ocrx_word' id='word_1_29' title='bbox 627 821 948 911; x_wconf 78' lang='lat' dir='ltr'>senatusconsultum</span> <span class='ocrx_word' id='word_1_30' title='bbox 962 824 1003 898; x_wconf 91' lang='lat' dir='ltr'>de</span> <span class='ocrx_word' id='word_1_31' title='bbox 1017 847 1093 921; x_wconf 85' lang='lat' dir='ltr'>par·¹</span> 
     </span>
     <span class='ocr_line' id='line_1_7' title="bbox 124 929 957 1028; baseline 0.002 -24"><span class='ocrx_word' id='word_1_32' title='bbox 124 931 327 1025; x_wconf 88' lang='lat' dir='ltr'>ticipatione</span> <span class='ocrx_word' id='word_1_33' title='bbox 347 931 489 1027; x_wconf 88' lang='lat' dir='ltr'>imperii.</span> <span class='ocrx_word' id='word_1_34' title='bbox 511 933 605 1028; x_wconf 85' lang='lat' dir='ltr'>quod</span> <span class='ocrx_word' id='word_1_35' title='bbox 621 931 728 1004; x_wconf 88' lang='lat' dir='ltr'>slatim</span> <span class='ocrx_word' id='word_1_36' title='bbox 753 930 880 1004; x_wconf 72' lang='lat' dir='ltr'>sactum</span> <span class='ocrx_word' id='word_1_37' title='bbox 899 929 957 1006; x_wconf 86' lang='lat' dir='ltr'>esl.</span> 
     </span>
    </p>

    <p class='ocr_par' dir='ltr' id='par_1_4' title="bbox 119 1043 1096 1580">
     <span class='ocr_line' id='line_1_8' title="bbox 119 1043 1094 1143; baseline 0.005 -29"><span class='ocrx_word' id='word_1_38' title='bbox 119 1111 120 1114; x_wconf 74' lang='grc'>,</span> <span class='ocrx_word' id='word_1_39' title='bbox 179 1046 251 1116; x_wconf 86' lang='lat' dir='ltr'>Vll.</span> <span class='ocrx_word' id='word_1_40' title='bbox 274 1047 375 1120; x_wconf 90' lang='lat' dir='ltr'>Tunc</span> <span class='ocrx_word' id='word_1_41' title='bbox 395 1069 523 1132; x_wconf 87' lang='lat' dir='ltr'>omen,</span> <span class='ocrx_word' id='word_1_42' title='bbox 544 1045 638 1143; x_wconf 88' lang='lat' dir='ltr'>quod</span> <span class='ocrx_word' id='word_1_43' title='bbox 659 1043 718 1116; x_wconf 79' lang='lat' dir='ltr'>sibi</span> <span class='ocrx_word' id='word_1_44' title='bbox 742 1044 910 1132; x_wconf 83' lang='lat' dir='ltr'>Julianus,</span> <span class='ocrx_word' id='word_1_45' title='bbox 939 1069 1015 1118; x_wconf 91' lang='lat' dir='ltr'>cum</span> <span class='ocrx_word' id='word_1_46' title='bbox 1030 1043 1094 1119; x_wconf 91' lang='lat' dir='ltr'>im·</span> 
     </span>
     <span class='ocr_line' id='line_1_9' title="bbox 126 1155 1094 1252; baseline -0.002 -22"><span class='ocrx_word' id='word_1_47' title='bbox 126 1155 259 1250; x_wconf 87' lang='lat' dir='ltr'>perium</span> <span class='ocrx_word' id='word_1_48' title='bbox 281 1159 468 1252; x_wconf 87' lang='lat' dir='ltr'>acciperet,</span> <span class='ocrx_word' id='word_1_49' title='bbox 489 1155 630 1244; x_wconf 79' lang='lat' dir='ltr'>fecerat,</span> <span class='ocrx_word' id='word_1_50' title='bbox 650 1155 808 1232; x_wconf 86' lang='lat' dir='ltr'>omnibus</span> <span class='ocrx_word' id='word_1_51' title='bbox 828 1155 923 1229; x_wconf 83' lang='lat' dir='ltr'>venit</span> <span class='ocrx_word' id='word_1_52' title='bbox 939 1155 974 1227; x_wconf 91' lang='lat' dir='ltr'>in</span> <span class='ocrx_word' id='word_1_53' title='bbox 995 1181 1094 1240; x_wconf 86' lang='lat' dir='ltr'>men·</span> 
     </span>
     <span class='ocr_line' id='line_1_10' title="bbox 126 1263 1094 1362; baseline 0.002 -24"><span class='ocrx_word' id='word_1_54' title='bbox 126 1282 209 1338; x_wconf 91' lang='lat' dir='ltr'>tem.</span> <span class='ocrx_word' id='word_1_55' title='bbox 231 1291 306 1338; x_wconf 84' lang='lat' dir='ltr'>narn</span> <span class='ocrx_word' id='word_1_56' title='bbox 328 1291 403 1338; x_wconf 88' lang='lat' dir='ltr'>cum</span> <span class='ocrx_word' id='word_1_57' title='bbox 421 1265 552 1362; x_wconf 70' lang='lat' dir='ltr'>Consul</span> <span class='ocrx_word' id='word_1_58' title='bbox 570 1263 758 1358; x_wconf 80' lang='lat' dir='ltr'>defignatus</span> <span class='ocrx_word' id='word_1_59' title='bbox 777 1265 877 1336; x_wconf 77' lang='lat' dir='ltr'>deco</span> <span class='ocrx_word' id='word_1_60' title='bbox 897 1263 1094 1340; x_wconf 82' lang='lat' dir='ltr'>sententiam</span> 
     </span>
     <span class='ocr_line' id='line_1_11' title="bbox 125 1372 1093 1468; baseline 0 -22"><span class='ocrx_word' id='word_1_61' title='bbox 125 1373 270 1452; x_wconf 81' lang='lat' dir='ltr'>dicens,</span> <span class='ocrx_word' id='word_1_62' title='bbox 291 1373 336 1446; x_wconf 83' lang='lat' dir='ltr'>ita</span> <span class='ocrx_word' id='word_1_63' title='bbox 358 1372 620 1466; x_wconf 80' lang='lat' dir='ltr'>pronuntiasset,</span> <span class='ocrx_word' id='word_1_64' title='bbox 640 1376 781 1444; x_wconf 85' lang='lat' dir='ltr'>Didium</span> <span class='ocrx_word' id='word_1_65' title='bbox 803 1375 969 1449; x_wconf 81' lang='lat' dir='ltr'>Iulianum</span> <span class='ocrx_word' id='word_1_66' title='bbox 992 1380 1093 1468; x_wconf 80' lang='lat' dir='ltr'>Impe-</span> 
     </span>
     <span class='ocr_line' id='line_1_12' title="bbox 123 1479 1096 1580; baseline -0.004 -24"><span class='ocrx_word' id='word_1_67' title='bbox 123 1507 261 1556; x_wconf 73' lang='lat' dir='ltr'>ratorem</span> <span class='ocrx_word' id='word_1_68' title='bbox 283 1485 506 1580; x_wconf 69' lang='lat' dir='ltr'>appellandam</span> <span class='ocrx_word' id='word_1_69' title='bbox 521 1479 577 1579; x_wconf 80' lang='lat' dir='ltr'>effe</span> <span class='ocrx_word' id='word_1_70' title='bbox 598 1482 701 1574; x_wconf 74' lang='lat' dir='ltr'>censeo</span> <span class='ocrx_word' id='word_1_71' title='bbox 710 1509 726 1566; x_wconf 91' lang='lat'><em>;</em></span> <span class='ocrx_word' id='word_1_72' title='bbox 751 1479 897 1553; x_wconf 85' lang='lat' dir='ltr'>lulianus</span> <span class='ocrx_word' id='word_1_73' title='bbox 917 1479 1096 1578; x_wconf 82' lang='lat' dir='ltr'>suggeffit,</span> 
     </span>
    </p>
   </div>
   <div class='ocr_carea' id='block_1_4' title="bbox 4 1585 1350 1798">
    <p class='ocr_par' dir='ltr' id='par_1_5' title="bbox 4 1585 1350 1798">
     <span class='ocr_line' id='line_1_13' title="bbox 127 1585 1350 1686; baseline -0.005 -26"><span class='ocrx_word' id='word_1_74' title='bbox 127 1586 274 1662; x_wconf 70' lang='lat' dir='ltr'>Adde&amp;</span> <span class='ocrx_word' id='word_1_75' title='bbox 293 1590 461 1673; x_wconf 78' lang='lat' dir='ltr'>Severum,</span> <span class='ocrx_word' id='word_1_76' title='bbox 482 1591 577 1686; x_wconf 89' lang='lat' dir='ltr'>quod</span> <span class='ocrx_word' id='word_1_77' title='bbox 594 1608 860 1685; x_wconf 82' lang='lat' dir='ltr'>cognomentum</span> <span class='ocrx_word' id='word_1_78' title='bbox 880 1587 938 1660; x_wconf 86' lang='lat' dir='ltr'>avi</span> <span class='ocrx_word' id='word_1_79' title='bbox 959 1593 995 1661; x_wconf 77' lang='grc' dir='ltr'>δι</span> <span class='ocrx_word' id='word_1_80' title='bbox 1015 1611 1095 1684; x_wconf 90' lang='lat' dir='ltr'>pro·</span> <span class='ocrx_word' id='word_1_81' title='bbox 1199 1585 1201 1588; x_wconf 70' lang='grc'><strong>’</strong></span> <span class='ocrx_word' id='word_1_82' title='bbox 1349 1647 1350 1654; x_wconf 74' lang='grc'>,</span> 
     </span>
     <span class='ocr_line' id='line_1_14' title="bbox 4 1696 1095 1798; baseline -0.003 -26"><span class='ocrx_word' id='word_1_83' title='bbox 4 1763 7 1772; x_wconf 81' lang='grc'>,</span> <span class='ocrx_word' id='word_1_84' title='bbox 127 1697 187 1770; x_wconf 83' lang='lat' dir='ltr'>avi</span> <span class='ocrx_word' id='word_1_85' title='bbox 218 1697 276 1768; x_wconf 87' lang='lat' dir='ltr'>srbi</span> <span class='ocrx_word' id='word_1_86' title='bbox 302 1697 453 1770; x_wconf 83' lang='lat' dir='ltr'>Julianus</span> <span class='ocrx_word' id='word_1_87' title='bbox 472 1696 670 1772; x_wconf 81' lang='lat' dir='ltr'>adsciverat.</span> <span class='ocrx_word' id='word_1_88' title='bbox 692 1699 776 1768; x_wconf 87' lang='lat' dir='ltr'>Sunt</span> <span class='ocrx_word' id='word_1_89' title='bbox 797 1715 929 1798; x_wconf 82' lang='lat' dir='ltr'>tamen,</span> <span class='ocrx_word' id='word_1_90' title='bbox 953 1697 1011 1794; x_wconf 92' lang='lat' dir='ltr'>qui</span> <span class='ocrx_word' id='word_1_91' title='bbox 1041 1696 1095 1770; x_wconf 92' lang='lat' dir='ltr'>di·</span> 
     </span>
    </p>
   </div>
   <div class='ocr_carea' id='block_1_5' title="bbox 117 1805 1098 2337">
    <p class='ocr_par' dir='ltr' id='par_1_6' title="bbox 117 1805 1098 2337">
     <span class='ocr_line' id='line_1_15' title="bbox 128 1805 1096 1888; baseline 0 -10"><span class='ocrx_word' id='word_1_92' title='bbox 128 1821 232 1888; x_wconf 88' lang='lat' dir='ltr'>cant,</span> <span class='ocrx_word' id='word_1_93' title='bbox 244 1806 373 1878; x_wconf 91' lang='lat' dir='ltr'>nullum</span> <span class='ocrx_word' id='word_1_94' title='bbox 390 1806 485 1880; x_wconf 77' lang='lat' dir='ltr'>fuisse</span> <span class='ocrx_word' id='word_1_95' title='bbox 502 1805 626 1880; x_wconf 80' lang='lat' dir='ltr'>Iuliani</span> <span class='ocrx_word' id='word_1_96' title='bbox 640 1805 815 1880; x_wconf 82' lang='lat' dir='ltr'>consrli&#39;um</span> <span class='ocrx_word' id='word_1_97' title='bbox 830 1807 873 1878; x_wconf 87' lang='lat' dir='ltr'>de</span> <span class='ocrx_word' id='word_1_98' title='bbox 886 1805 1096 1878; x_wconf 85' lang='lat' dir='ltr'>obtruncan-</span> 
     </span>
     <span class='ocr_line' id='line_1_16' title="bbox 128 1914 1096 2006; baseline 0.001 -18"><span class='ocrx_word' id='word_1_99' title='bbox 128 1915 179 1988; x_wconf 87' lang='lat' dir='ltr'>do</span> <span class='ocrx_word' id='word_1_100' title='bbox 201 1915 347 2006; x_wconf 84' lang='lat' dir='ltr'>Senatu,</span> <span class='ocrx_word' id='word_1_101' title='bbox 366 1936 444 1990; x_wconf 90' lang='lat' dir='ltr'>cum</span> <span class='ocrx_word' id='word_1_102' title='bbox 458 1933 558 1994; x_wconf 79' lang='lat' dir='ltr'>‚tanta</span> <span class='ocrx_word' id='word_1_103' title='bbox 578 1915 614 1990; x_wconf 90' lang='lat' dir='ltr'>in</span> <span class='ocrx_word' id='word_1_104' title='bbox 639 1941 714 1988; x_wconf 82' lang='lat' dir='ltr'>eunt</span> <span class='ocrx_word' id='word_1_105' title='bbox 729 1915 869 1986; x_wconf 82' lang='lat' dir='ltr'>Senatus</span> <span class='ocrx_word' id='word_1_106' title='bbox 890 1914 1096 1990; x_wconf 83' lang='lat' dir='ltr'>contulisset.</span> 
     </span>
     <span class='ocr_line' id='line_1_17' title="bbox 117 2022 1095 2103; baseline -0.001 -5"><span class='ocrx_word' id='word_1_107' title='bbox 117 2023 211 2098; x_wconf 73' lang='lat' dir='ltr'>lPosl</span> <span class='ocrx_word' id='word_1_108' title='bbox 235 2022 554 2101; x_wconf 83' lang='lat' dir='ltr'>senatusconsultum</span> <span class='ocrx_word' id='word_1_109' title='bbox 568 2024 675 2103; x_wconf 73' lang='lat' dir='ltr'>statim</span> <span class='ocrx_word' id='word_1_110' title='bbox 688 2023 815 2096; x_wconf 79' lang='lat' dir='ltr'>Didius</span> <span class='ocrx_word' id='word_1_111' title='bbox 830 2022 976 2096; x_wconf 87' lang='lat' dir='ltr'>Julianus</span> <span class='ocrx_word' id='word_1_112' title='bbox 991 2049 1095 2097; x_wconf 89' lang='lat' dir='ltr'>unum</span> 
     </span>
     <span class='ocr_line' id='line_1_18' title="bbox 131 2131 1097 2228; baseline -0.002 -22"><span class='ocrx_word' id='word_1_113' title='bbox 131 2156 176 2206; x_wconf 81' lang='lat' dir='ltr'>ex</span> <span class='ocrx_word' id='word_1_114' title='bbox 197 2131 383 2228; x_wconf 75' lang='lat' dir='ltr'>prasedlis,</span> <span class='ocrx_word' id='word_1_115' title='bbox 405 2133 556 2206; x_wconf 86' lang='lat' dir='ltr'>Tullium</span> <span class='ocrx_word' id='word_1_116' title='bbox 577 2131 794 2228; x_wconf 81' lang='lat' dir='ltr'>Crispinum,</span> <span class='ocrx_word' id='word_1_117' title='bbox 820 2131 917 2204; x_wconf 84' lang='lat' dir='ltr'>mifit.</span> <span class='ocrx_word' id='word_1_118' title='bbox 942 2132 1011 2226; x_wconf 78' lang='lat' dir='ltr'>ipse</span> <span class='ocrx_word' id='word_1_119' title='bbox 1035 2144 1097 2206; x_wconf 81' lang='lat' dir='ltr'>au-</span> 
     </span>
     <span class='ocr_line' id='line_1_19' title="bbox 131 2239 1098 2337; baseline -0.004 -21"><span class='ocrx_word' id='word_1_120' title='bbox 131 2261 201 2316; x_wconf 84' lang='lat' dir='ltr'>tem</span> <span class='ocrx_word' id='word_1_121' title='bbox 222 2243 357 2317; x_wconf 86' lang='lat' dir='ltr'>tertium</span> <span class='ocrx_word' id='word_1_122' title='bbox 370 2240 450 2316; x_wconf 85' lang='lat' dir='ltr'>fecit</span> <span class='ocrx_word' id='word_1_123' title='bbox 462 2240 674 2337; x_wconf 70' lang='lat' dir='ltr'>praefedlum,</span> <span class='ocrx_word' id='word_1_124' title='bbox 691 2239 867 2314; x_wconf 87' lang='lat' dir='ltr'>Veturium</span> <span class='ocrx_word' id='word_1_125' title='bbox 882 2241 1098 2328; x_wconf 79' lang='lat' dir='ltr'>Macrinum3</span> 
     </span>
    </p>
   </div>
   <div class='ocr_carea' id='block_1_6' title="bbox 132 2347 1251 2444">
    <p class='ocr_par' dir='ltr' id='par_1_7' title="bbox 132 2347 1251 2444">
     <span class='ocr_line' id='line_1_20' title="bbox 132 2347 1251 2444; baseline -0.004 -22"><span class='ocrx_word' id='word_1_126' title='bbox 132 2352 298 2444; x_wconf 79' lang='lat' dir='ltr'>adquam</span> <span class='ocrx_word' id='word_1_127' title='bbox 321 2350 465 2424; x_wconf 84' lang='lat' dir='ltr'>Severus</span> <span class='ocrx_word' id='word_1_128' title='bbox 493 2350 607 2422; x_wconf 56' lang='lat' dir='ltr'>literas*</span> <span class='ocrx_word' id='word_1_129' title='bbox 632 2347 790 2437; x_wconf 75' lang='lat' dir='ltr'>miserat,</span> <span class='ocrx_word' id='word_1_130' title='bbox 809 2367 848 2422; x_wconf 90' lang='lat' dir='ltr'>ut</span> <span class='ocrx_word' id='word_1_131' title='bbox 871 2347 950 2426; x_wconf 83' lang='lat' dir='ltr'>esset</span> <span class='ocrx_word' id='word_1_132' title='bbox 975 2347 1098 2444; x_wconf 76' lang='lat' dir='ltr'>presse·</span> <span class='ocrx_word' id='word_1_133' title='bbox 1249 2363 1251 2367; x_wconf 83' lang='grc'><em>·</em></span> 
     </span>
    </p>
   </div>
   <div class='ocr_carea' id='block_1_7' title="bbox 59 2459 1105 3544">
    <p class='ocr_par' dir='ltr' id='par_1_8' title="bbox 59 2459 1105 3544">
     <span class='ocr_line' id='line_1_21' title="bbox 131 2459 1098 2558; baseline -0.004 -24"><span class='ocrx_word' id='word_1_134' title='bbox 131 2461 215 2534; x_wconf 73' lang='grc' dir='ltr'>θυι.</span> <span class='ocrx_word' id='word_1_135' title='bbox 229 2463 292 2532; x_wconf 83' lang='lat' dir='ltr'>Sed</span> <span class='ocrx_word' id='word_1_136' title='bbox 312 2485 425 2558; x_wconf 76' lang='lat' dir='ltr'>pacem</span> <span class='ocrx_word' id='word_1_137' title='bbox 439 2459 643 2546; x_wconf 74' lang='lat' dir='ltr'>simulatam,</span> <span class='ocrx_word' id='word_1_138' title='bbox 661 2477 890 2554; x_wconf 87' lang='lat' dir='ltr'>tentatamque</span> <span class='ocrx_word' id='word_1_139' title='bbox 903 2459 1028 2533; x_wconf 80' lang='lat' dir='ltr'>caedem</span> <span class='ocrx_word' id='word_1_140' title='bbox 1041 2459 1098 2530; x_wconf 88' lang='lat' dir='ltr'>Se·</span> 
     </span>
     <span class='ocr_line' id='line_1_22' title="bbox 59 2556 1099 2666; baseline -0.004 -20"><span class='ocrx_word' id='word_1_141' title='bbox 59 2640 63 2646; x_wconf 89' lang='lat'><em>.</em></span> <span class='ocrx_word' id='word_1_142' title='bbox 135 2571 212 2645; x_wconf 85' lang='lat' dir='ltr'>veri</span> <span class='ocrx_word' id='word_1_143' title='bbox 230 2572 348 2646; x_wconf 91' lang='lat' dir='ltr'>Tullio</span> <span class='ocrx_word' id='word_1_144' title='bbox 370 2556 555 2665; x_wconf 82' lang='lat' dir='ltr'>Crispino,</span> <span class='ocrx_word' id='word_1_145' title='bbox 567 2569 730 2642; x_wconf 71' lang='lat' dir='ltr'>Preseuo</span> <span class='ocrx_word' id='word_1_146' title='bbox 745 2570 895 2664; x_wconf 82' lang='lat' dir='ltr'>praetorii</span> <span class='ocrx_word' id='word_1_147' title='bbox 907 2571 969 2660; x_wconf 78' lang='lat' dir='ltr'>„dt</span> <span class='ocrx_word' id='word_1_148' title='bbox 984 2593 1099 2666; x_wconf 86' lang='lat' dir='ltr'>popu·</span> 
     </span>
     <span class='ocr_line' id='line_1_23' title="bbox 133 2677 1101 2778; baseline -0.002 -26"><span class='ocrx_word' id='word_1_149' title='bbox 133 2679 186 2760; x_wconf 80' lang='lat' dir='ltr'>lus</span> <span class='ocrx_word' id='word_1_150' title='bbox 200 2681 336 2752; x_wconf 86' lang='lat' dir='ltr'>locutus</span> <span class='ocrx_word' id='word_1_151' title='bbox 356 2679 424 2770; x_wconf 85' lang='lat' dir='ltr'>est,</span> <span class='ocrx_word' id='word_1_152' title='bbox 440 2682 482 2754; x_wconf 77' lang='grc' dir='ltr'>δι,</span> <span class='ocrx_word' id='word_1_153' title='bbox 498 2680 642 2756; x_wconf 80' lang='lat' dir='ltr'>Severus</span> <span class='ocrx_word' id='word_1_154' title='bbox 657 2677 1021 2778; x_wconf 69' lang='lat' dir='ltr'>suspicatuersnique</span> <span class='ocrx_word' id='word_1_155' title='bbox 1034 2681 1101 2750; x_wconf 88' lang='lat' dir='ltr'>ho·</span> 
     </span>
     <span class='ocr_line' id='line_1_24' title="bbox 134 2787 1101 2887; baseline -0.001 -23"><span class='ocrx_word' id='word_1_156' title='bbox 134 2788 216 2876; x_wconf 78' lang='lat' dir='ltr'>stem</span> <span class='ocrx_word' id='word_1_157' title='bbox 235 2787 267 2864; x_wconf 87' lang='lat' dir='ltr'>se</span> <span class='ocrx_word' id='word_1_158' title='bbox 286 2787 426 2862; x_wconf 84' lang='lat' dir='ltr'>luliano</span> <span class='ocrx_word' id='word_1_159' title='bbox 441 2789 587 2864; x_wconf 81' lang='lat' dir='ltr'>Severus</span> <span class='ocrx_word' id='word_1_160' title='bbox 601 2789 665 2861; x_wconf 83' lang='lat' dir='ltr'>esse</span> <span class='ocrx_word' id='word_1_161' title='bbox 686 2788 945 2887; x_wconf 80' lang='lat' dir='ltr'>maluit,:quam</span> <span class='ocrx_word' id='word_1_162' title='bbox 961 2788 1101 2886; x_wconf 85' lang='lat' dir='ltr'>pattici·</span> 
     </span>
     <span class='ocr_line' id='line_1_25' title="bbox 134 2897 1101 2996; baseline 0.003 -28"><span class='ocrx_word' id='word_1_163' title='bbox 134 2922 236 2996; x_wconf 81' lang='lat' dir='ltr'>pem,</span> <span class='ocrx_word' id='word_1_164' title='bbox 252 2897 415 2973; x_wconf 84' lang='lat' dir='ltr'>consensu</span> <span class='ocrx_word' id='word_1_165' title='bbox 428 2897 585 2972; x_wconf 86' lang='lat' dir='ltr'>militum.</span> <span class='ocrx_word' id='word_1_166' title='bbox 601 2899 742 2973; x_wconf 85' lang='lat' dir='ltr'>Severus</span> <span class='ocrx_word' id='word_1_167' title='bbox 760 2899 993 2974; x_wconf 82' lang='lat' dir='ltr'>autemslatim</span> <span class='ocrx_word' id='word_1_168' title='bbox 1008 2904 1044 2972; x_wconf 81' lang='lat' dir='ltr'>dt</span> <span class='ocrx_word' id='word_1_169' title='bbox 1058 2897 1101 2971; x_wconf 89' lang='lat' dir='ltr'>ad</span> 
     </span>
     <span class='ocr_line' id='line_1_26' title="bbox 136 3005 1102 3104; baseline 0.001 -26"><span class='ocrx_word' id='word_1_170' title='bbox 136 3005 303 3104; x_wconf 83' lang='lat' dir='ltr'>plurimos</span> <span class='ocrx_word' id='word_1_171' title='bbox 321 3009 476 3084; x_wconf 46' lang='lat' dir='ltr'>Romam&gt;</span> <span class='ocrx_word' id='word_1_172' title='bbox 492 3005 638 3102; x_wconf 78' lang='lat' dir='ltr'>scripsit,</span> <span class='ocrx_word' id='word_1_173' title='bbox 653 3011 692 3080; x_wconf 76' lang='grc' dir='ltr'>δι</span> <span class='ocrx_word' id='word_1_174' title='bbox 712 3007 857 3082; x_wconf 86' lang='lat' dir='ltr'>occulto</span> <span class='ocrx_word' id='word_1_175' title='bbox 876 3006 962 3079; x_wconf 76' lang='lat' dir='ltr'>misit</span> <span class='ocrx_word' id='word_1_176' title='bbox 974 3007 1102 3097; x_wconf 71' lang='lat' dir='ltr'>edida,</span> 
     </span>
     <span class='ocr_line' id='line_1_27' title="bbox 136 3115 1101 3218; baseline 0.004 -32"><span class='ocrx_word' id='word_1_177' title='bbox 136 3139 213 3211; x_wconf 83' lang='lat' dir='ltr'>quae</span> <span class='ocrx_word' id='word_1_178' title='bbox 233 3117 406 3218; x_wconf 86' lang='lat' dir='ltr'>propofita</span> <span class='ocrx_word' id='word_1_179' title='bbox 425 3116 510 3194; x_wconf 84' lang='lat' dir='ltr'>sunt.</span> <span class='ocrx_word' id='word_1_180' title='bbox 532 3115 609 3191; x_wconf 84' lang='lat' dir='ltr'>Fuit</span> <span class='ocrx_word' id='word_1_181' title='bbox 631 3135 791 3212; x_wconf 75' lang='lat' dir='ltr'>praterea</span> <span class='ocrx_word' id='word_1_182' title='bbox 813 3116 848 3188; x_wconf 94' lang='lat' dir='ltr'>in</span> <span class='ocrx_word' id='word_1_183' title='bbox 866 3116 1003 3192; x_wconf 81' lang='lat' dir='ltr'>sul-iano</span> <span class='ocrx_word' id='word_1_184' title='bbox 1027 3116 1101 3190; x_wconf 79' lang='lat' dir='ltr'>haec</span> 
     </span>
     <span class='ocr_line' id='line_1_28' title="bbox 138 3223 1102 3326; baseline 0.001 -27"><span class='ocrx_word' id='word_1_185' title='bbox 138 3227 308 3319; x_wconf 88' lang='lat' dir='ltr'>amentia,</span> <span class='ocrx_word' id='word_1_186' title='bbox 330 3245 366 3302; x_wconf 89' lang='lat' dir='ltr'>ut</span> <span class='ocrx_word' id='word_1_187' title='bbox 393 3252 452 3324; x_wconf 88' lang='lat' dir='ltr'>per</span> <span class='ocrx_word' id='word_1_188' title='bbox 478 3250 594 3324; x_wconf 86' lang='lat' dir='ltr'>magos</span> <span class='ocrx_word' id='word_1_189' title='bbox 616 3225 790 3323; x_wconf 82' lang='lat' dir='ltr'>pleraque.</span> <span class='ocrx_word' id='word_1_190' title='bbox 803 3223 955 3315; x_wconf 86' lang='lat' dir='ltr'>faceret,</span> <span class='ocrx_word' id='word_1_191' title='bbox 979 3227 1102 3326; x_wconf 83' lang='lat' dir='ltr'>quibus</span> 
     </span>
     <span class='ocr_line' id='line_1_29' title="bbox 139 3331 1104 3433; baseline 0.003 -28"><span class='ocrx_word' id='word_1_192' title='bbox 139 3355 271 3432; x_wconf 87' lang='lat' dir='ltr'>putaret</span> <span class='ocrx_word' id='word_1_193' title='bbox 293 3337 349 3410; x_wconf 86' lang='lat' dir='ltr'>vel</span> <span class='ocrx_word' id='word_1_194' title='bbox 363 3337 482 3412; x_wconf 92' lang='lat' dir='ltr'>odium</span> <span class='ocrx_word' id='word_1_195' title='bbox 497 3335 617 3433; x_wconf 88' lang='lat' dir='ltr'>populi</span> <span class='ocrx_word' id='word_1_196' title='bbox 635 3331 793 3425; x_wconf 86' lang='lat' dir='ltr'>deliniri,</span> <span class='ocrx_word' id='word_1_197' title='bbox 812 3339 871 3412; x_wconf 81' lang='lat' dir='ltr'>vel</span> <span class='ocrx_word' id='word_1_198' title='bbox 891 3337 1034 3411; x_wconf 91' lang='lat' dir='ltr'>militum</span> <span class='ocrx_word' id='word_1_199' title='bbox 1049 3359 1104 3408; x_wconf 88' lang='lat' dir='ltr'>ar·</span> 
     </span>
     <span class='ocr_line' id='line_1_30' title="bbox 140 3441 1105 3544; baseline -0.004 -26"><span class='ocrx_word' id='word_1_200' title='bbox 140 3470 193 3518; x_wconf 90' lang='lat' dir='ltr'>ma</span> <span class='ocrx_word' id='word_1_201' title='bbox 213 3447 393 3543; x_wconf 84' lang='lat' dir='ltr'>compesci.</span> <span class='ocrx_word' id='word_1_202' title='bbox 417 3469 494 3520; x_wconf 90' lang='lat' dir='ltr'>nam</span> <span class='ocrx_word' id='word_1_203' title='bbox 518 3448 555 3520; x_wconf 80' lang='grc' dir='ltr'>δι</span> <span class='ocrx_word' id='word_1_204' title='bbox 579 3441 738 3544; x_wconf 83' lang='lat' dir='ltr'>quasdam</span> <span class='ocrx_word' id='word_1_205' title='bbox 760 3443 1105 3522; x_wconf 80' lang='lat' dir='ltr'>nonconvenientes</span> 
     </span>
    </p>
   </div>
   <div class='ocr_carea' id='block_1_8' title="bbox 140 3551 1232 3642">
    <p class='ocr_par' dir='ltr' id='par_1_9' title="bbox 140 3551 1232 3642">
     <span class='ocr_line' id='line_1_31' title="bbox 140 3551 1232 3642; baseline -0.003 -14"><span class='ocrx_word' id='word_1_206' title='bbox 140 3555 305 3630; x_wconf 87' lang='lat' dir='ltr'>Romanis</span> <span class='ocrx_word' id='word_1_207' title='bbox 327 3555 431 3630; x_wconf 87' lang='lat' dir='ltr'>sacris</span> <span class='ocrx_word' id='word_1_208' title='bbox 449 3556 574 3630; x_wconf 85' lang='lat' dir='ltr'>hostias</span> <span class='ocrx_word' id='word_1_209' title='bbox 595 3555 885 3642; x_wconf 82' lang='lat' dir='ltr'>immolaverunt,</span> <span class='ocrx_word' id='word_1_210' title='bbox 899 3555 937 3628; x_wconf 70' lang='grc' dir='ltr'>ἀ</span> <span class='ocrx_word' id='word_1_211' title='bbox 956 3551 1103 3626; x_wconf 79' lang='lat' dir='ltr'>carmina</span> <span class='ocrx_word' id='word_1_212' title='bbox 1213 3563 1232 3580; x_wconf 71' lang='lat'>⁶</span> 
     </span>
    </p>
   </div>
   <div class='ocr_carea' id='block_1_9' title="bbox 142 3661 1103 3764">
    <p class='ocr_par' dir='ltr' id='par_1_10' title="bbox 142 3661 1103 3764">
     <span class='ocr_line' id='line_1_32' title="bbox 142 3661 1103 3764; baseline 0 -26"><span class='ocrx_word' id='word_1_213' title='bbox 142 3664 285 3764; x_wconf 83' lang='lat' dir='ltr'>profana</span> <span class='ocrx_word' id='word_1_214' title='bbox 316 3666 601 3755; x_wconf 78' lang='lat' dir='ltr'>incantaverunt,</span> <span class='ocrx_word' id='word_1_215' title='bbox 619 3667 657 3739; x_wconf 78' lang='grc' dir='ltr'>δι</span> <span class='ocrx_word' id='word_1_216' title='bbox 683 3691 745 3752; x_wconf 86' lang='lat' dir='ltr'>ea,</span> <span class='ocrx_word' id='word_1_217' title='bbox 766 3692 844 3764; x_wconf 80' lang='lat' dir='ltr'>quae</span> <span class='ocrx_word' id='word_1_218' title='bbox 864 3664 907 3738; x_wconf 88' lang='lat' dir='ltr'>ad</span> <span class='ocrx_word' id='word_1_219' title='bbox 931 3661 1103 3760; x_wconf 78' lang='lat' dir='ltr'>speculum</span> 
     </span>
    </p>
   </div>
   <div class='ocr_carea' id='block_1_10' title="bbox 19 3772 1104 3884">
    <p class='ocr_par' dir='ltr' id='par_1_11' title="bbox 19 3772 1104 3884">
     <span class='ocr_line' id='line_1_33' title="bbox 19 3772 1104 3884; baseline 0.007 -36"><span class='ocrx_word' id='word_1_220' title='bbox 19 3777 21 3848; x_wconf 68' lang='lat' dir='ltr'>f</span> <span class='ocrx_word' id='word_1_221' title='bbox 143 3776 265 3855; x_wconf 83' lang='lat' dir='ltr'>dieunt</span> <span class='ocrx_word' id='word_1_222' title='bbox 280 3773 375 3870; x_wconf 83' lang='lat' dir='ltr'>fieri,</span> <span class='ocrx_word' id='word_1_223' title='bbox 388 3775 424 3851; x_wconf 90' lang='lat' dir='ltr'>in</span> <span class='ocrx_word' id='word_1_224' title='bbox 445 3800 518 3877; x_wconf 90' lang='lat' dir='ltr'>quo</span> <span class='ocrx_word' id='word_1_225' title='bbox 538 3777 635 3875; x_wconf 85' lang='lat' dir='ltr'>pueri</span> <span class='ocrx_word' id='word_1_226' title='bbox 652 3775 833 3884; x_wconf 69' lang='lat' dir='ltr'>praeligatis</span> <span class='ocrx_word' id='word_1_227' title='bbox 854 3774 974 3874; x_wconf 77' lang='lat' dir='ltr'>oculis</span> <span class='ocrx_word' id='word_1_228' title='bbox 986 3772 1104 3856; x_wconf 75' lang='lat' dir='ltr'>ineam</span> 
     </span>
    </p>
   </div>
   <div class='ocr_carea' id='block_1_11' title="bbox 0 0 1498 4824">
    <p class='ocr_par' dir='ltr' id='par_1_12' title="bbox 0 0 1498 4824">
     <span class='ocr_line' id='line_1_34' title="bbox 0 0 1498 4824; baseline 0 0"><span class='ocrx_word' id='word_1_229' title='bbox 0 0 1498 4824; x_wconf 95' lang='lat' dir='ltr'> </span> 
     </span>
    </p>
   </div>
  </div>
 </body>
</html>
