<?xml version="1.0" encoding="UTF-8"?>
<!DOCTYPE html PUBLIC "-//W3C//DTD XHTML 1.0 Transitional//EN"
    "http://www.w3.org/TR/xhtml1/DTD/xhtml1-transitional.dtd">
<html xmlns="http://www.w3.org/1999/xhtml" xml:lang="en" lang="en">
 <head>
  <title>
</title>
<meta http-equiv="Content-Type" content="text/html;charset=utf-8" />
  <meta name='ocr-system' content='tesseract 3.04.00' />
  <meta name='ocr-capabilities' content='ocr_page ocr_carea ocr_par ocr_line ocrx_word'/>
</head>
<body>
  <div class='ocr_page' id='page_1' title='image "./historiaugustsc00bipogoog_0288.png"; bbox 0 0 2856 4824; ppageno 0'>
   <div class='ocr_carea' id='block_1_1' title="bbox 558 150 570 190">
    <p class='ocr_par' dir='ltr' id='par_1_1' title="bbox 558 150 570 190">
     <span class='ocr_line' id='line_1_1' title="bbox 558 150 570 190; baseline 0 0"><span class='ocrx_word' id='word_1_1' title='bbox 558 150 570 190; x_wconf 95' lang='grc' dir='ltr'><em>Ι</em></span> 
     </span>
    </p>
   </div>
   <div class='ocr_carea' id='block_1_2' title="bbox 169 359 1195 478">
    <p class='ocr_par' dir='ltr' id='par_1_2' title="bbox 169 359 1195 478">
     <span class='ocr_line' id='line_1_2' title="bbox 169 359 1195 478; baseline -0.001 -39"><span class='ocrx_word' id='word_1_2' title='bbox 169 473 173 478; x_wconf 22' lang='lat'>¹</span> <span class='ocrx_word' id='word_1_3' title='bbox 316 361 388 456; x_wconf 57' lang='grc' dir='ltr'>ιιι</span> <span class='ocrx_word' id='word_1_4' title='bbox 479 359 1195 438; x_wconf 75' lang='lat' dir='ltr'>AEurrtnurnrurr.</span> 
     </span>
    </p>
   </div>
   <div class='ocr_carea' id='block_1_3' title="bbox 174 509 1414 3799">
    <p class='ocr_par' dir='ltr' id='par_1_3' title="bbox 174 509 1414 3799">
     <span class='ocr_line' id='line_1_3' title="bbox 317 509 1414 620; baseline 0.002 -22"><span class='ocrx_word' id='word_1_5' title='bbox 317 522 411 614; x_wconf 89' lang='lat' dir='ltr'>buit,</span> <span class='ocrx_word' id='word_1_6' title='bbox 431 549 509 597; x_wconf 89' lang='lat' dir='ltr'>cum</span> <span class='ocrx_word' id='word_1_7' title='bbox 535 524 574 597; x_wconf 76' lang='grc' dir='ltr'>δι</span> <span class='ocrx_word' id='word_1_8' title='bbox 597 521 692 596; x_wconf 88' lang='lat' dir='ltr'>ursos</span> <span class='ocrx_word' id='word_1_9' title='bbox 713 521 850 612; x_wconf 85' lang='lat' dir='ltr'>decem,</span> <span class='ocrx_word' id='word_1_10' title='bbox 874 524 912 597; x_wconf 75' lang='grc' dir='ltr'>δι</span> <span class='ocrx_word' id='word_1_11' title='bbox 934 523 1050 596; x_wconf 88' lang='lat' dir='ltr'>decem</span> <span class='ocrx_word' id='word_1_12' title='bbox 1082 521 1219 620; x_wconf 85' lang='lat' dir='ltr'>grillos,</span> <span class='ocrx_word' id='word_1_13' title='bbox 1244 521 1284 600; x_wconf 72' lang='lat' dir='ltr'>bc</span> <span class='ocrx_word' id='word_1_14' title='bbox 1413 509 1414 544; x_wconf 74' lang='lat'>³</span> 
     </span>
     <span class='ocr_line' id='line_1_4' title="bbox 318 629 1285 726; baseline 0 -18"><span class='ocrx_word' id='word_1_15' title='bbox 318 633 435 708; x_wconf 89' lang='lat' dir='ltr'>decem</span> <span class='ocrx_word' id='word_1_16' title='bbox 457 633 620 722; x_wconf 70' lang='lat' dir='ltr'>laslucas,</span> <span class='ocrx_word' id='word_1_17' title='bbox 643 633 680 708; x_wconf 77' lang='lat' dir='ltr'>bt</span> <span class='ocrx_word' id='word_1_18' title='bbox 702 633 818 706; x_wconf 83' lang='lat' dir='ltr'>decent</span> <span class='ocrx_word' id='word_1_19' title='bbox 841 631 914 706; x_wconf 88' lang='lat' dir='ltr'>auri</span> <span class='ocrx_word' id='word_1_20' title='bbox 937 633 1039 708; x_wconf 86' lang='lat' dir='ltr'>libras</span> <span class='ocrx_word' id='word_1_21' title='bbox 1059 632 1096 707; x_wconf 94' lang='lat' dir='ltr'>in</span> <span class='ocrx_word' id='word_1_22' title='bbox 1113 629 1202 708; x_wconf 81' lang='lat' dir='ltr'>sorte</span> <span class='ocrx_word' id='word_1_23' title='bbox 1225 635 1285 726; x_wconf 53' lang='lat' dir='ltr'>lta*</span> 
     </span>
     <span class='ocr_line' id='line_1_5' title="bbox 319 741 1414 845; baseline 0 -27"><span class='ocrx_word' id='word_1_24' title='bbox 319 743 407 818; x_wconf 89' lang='lat' dir='ltr'>buit.</span> <span class='ocrx_word' id='word_1_25' title='bbox 420 742 609 845; x_wconf 82' lang='lat' dir='ltr'>primusque</span> <span class='ocrx_word' id='word_1_26' title='bbox 625 743 716 822; x_wconf 88' lang='lat' dir='ltr'>hunc</span> <span class='ocrx_word' id='word_1_27' title='bbox 732 764 862 814; x_wconf 87' lang='lat' dir='ltr'>morem</span> <span class='ocrx_word' id='word_1_28' title='bbox 884 741 983 816; x_wconf 90' lang='lat' dir='ltr'>sortis</span> <span class='ocrx_word' id='word_1_29' title='bbox 1002 741 1169 833; x_wconf 78' lang='lat' dir='ltr'>instituit,</span> <span class='ocrx_word' id='word_1_30' title='bbox 1182 769 1284 842; x_wconf 86' lang='lat' dir='ltr'>quem</span> <span class='ocrx_word' id='word_1_31' title='bbox 1413 821 1414 842; x_wconf 16' lang='grc' dir='ltr'>ζ</span> 
     </span>
     <span class='ocr_line' id='line_1_6' title="bbox 320 852 1297 944; baseline 0.001 -17"><span class='ocrx_word' id='word_1_32' title='bbox 320 877 415 934; x_wconf 93' lang='lat' dir='ltr'>nunc</span> <span class='ocrx_word' id='word_1_33' title='bbox 432 855 595 928; x_wconf 79' lang='lat' dir='ltr'>videmus.</span> <span class='ocrx_word' id='word_1_34' title='bbox 613 853 677 944; x_wconf 83' lang='lat' dir='ltr'>Sed</span> <span class='ocrx_word' id='word_1_35' title='bbox 695 877 776 926; x_wconf 89' lang='lat' dir='ltr'>vere</span> <span class='ocrx_word' id='word_1_36' title='bbox 798 853 840 928; x_wconf 87' lang='lat' dir='ltr'>ad</span> <span class='ocrx_word' id='word_1_37' title='bbox 860 852 983 927; x_wconf 88' lang='lat' dir='ltr'>sortem</span> <span class='ocrx_word' id='word_1_38' title='bbox 998 854 1151 930; x_wconf 87' lang='lat' dir='ltr'>scenicos</span> <span class='ocrx_word' id='word_1_39' title='bbox 1175 879 1297 928; x_wconf 77' lang='lat' dir='ltr'>trocn-¹</span> 
     </span>
     <span class='ocr_line' id='line_1_7' title="bbox 320 964 1286 1056; baseline 0 -20"><span class='ocrx_word' id='word_1_40' title='bbox 320 965 395 1055; x_wconf 83' lang='lat' dir='ltr'>vit,</span> <span class='ocrx_word' id='word_1_41' title='bbox 409 989 487 1040; x_wconf 89' lang='lat' dir='ltr'>cum</span> <span class='ocrx_word' id='word_1_42' title='bbox 505 967 543 1038; x_wconf 78' lang='grc' dir='ltr'>δι</span> <span class='ocrx_word' id='word_1_43' title='bbox 559 987 659 1038; x_wconf 84' lang='lat' dir='ltr'>canes</span> <span class='ocrx_word' id='word_1_44' title='bbox 673 984 852 1056; x_wconf 89' lang='lat' dir='ltr'>mortuos,</span> <span class='ocrx_word' id='word_1_45' title='bbox 870 967 907 1039; x_wconf 78' lang='grc' dir='ltr'>δι</span> <span class='ocrx_word' id='word_1_46' title='bbox 922 964 1039 1045; x_wconf 87' lang='lat' dir='ltr'>libram</span> <span class='ocrx_word' id='word_1_47' title='bbox 1056 964 1193 1036; x_wconf 80' lang='lat' dir='ltr'>buhulae</span> <span class='ocrx_word' id='word_1_48' title='bbox 1211 989 1286 1038; x_wconf 87' lang='lat' dir='ltr'>car·</span> 
     </span>
     <span class='ocr_line' id='line_1_8' title="bbox 174 1073 1414 1163; baseline 0.001 -15"><span class='ocrx_word' id='word_1_49' title='bbox 174 1073 177 1088; x_wconf 82' lang='lat'>&#39;</span> <span class='ocrx_word' id='word_1_50' title='bbox 321 1073 375 1148; x_wconf 88' lang='lat' dir='ltr'>nis</span> <span class='ocrx_word' id='word_1_51' title='bbox 398 1075 534 1148; x_wconf 85' lang='lat' dir='ltr'>haberet</span> <span class='ocrx_word' id='word_1_52' title='bbox 558 1073 595 1148; x_wconf 91' lang='lat' dir='ltr'>in</span> <span class='ocrx_word' id='word_1_53' title='bbox 620 1073 727 1147; x_wconf 67' lang='lat' dir='ltr'>sortes</span> <span class='ocrx_word' id='word_1_54' title='bbox 748 1077 786 1149; x_wconf 77' lang='grc' dir='ltr'>δι</span> <span class='ocrx_word' id='word_1_55' title='bbox 807 1075 888 1148; x_wconf 88' lang='lat' dir='ltr'>irem</span> <span class='ocrx_word' id='word_1_56' title='bbox 912 1094 1049 1150; x_wconf 89' lang='lat' dir='ltr'>centum</span> <span class='ocrx_word' id='word_1_57' title='bbox 1079 1099 1223 1163; x_wconf 81' lang='lat' dir='ltr'>aureos,</span> <span class='ocrx_word' id='word_1_58' title='bbox 1248 1077 1336 1149; x_wconf 45' lang='lat' dir='ltr'>bc*</span> <span class='ocrx_word' id='word_1_59' title='bbox 1412 1085 1414 1126; x_wconf 62' lang='lat' dir='ltr'>l</span> 
     </span>
     <span class='ocr_line' id='line_1_9' title="bbox 203 1181 1287 1282; baseline 0.004 -30"><span class='ocrx_word' id='word_1_60' title='bbox 203 1245 206 1252; x_wconf 93' lang='lat'><em>.</em></span> <span class='ocrx_word' id='word_1_61' title='bbox 322 1181 417 1256; x_wconf 85' lang='lat' dir='ltr'>mille</span> <span class='ocrx_word' id='word_1_62' title='bbox 430 1183 629 1282; x_wconf 82' lang='lat' dir='ltr'>argenteos,</span> <span class='ocrx_word' id='word_1_63' title='bbox 642 1185 680 1257; x_wconf 78' lang='grc' dir='ltr'>δι</span> <span class='ocrx_word' id='word_1_64' title='bbox 702 1199 837 1258; x_wconf 86' lang='lat' dir='ltr'>centum</span> <span class='ocrx_word' id='word_1_65' title='bbox 863 1181 962 1257; x_wconf 89' lang='lat' dir='ltr'>folles</span> <span class='ocrx_word' id='word_1_66' title='bbox 986 1181 1083 1272; x_wconf 70' lang='lat' dir='ltr'>nris,</span> <span class='ocrx_word' id='word_1_67' title='bbox 1098 1187 1136 1258; x_wconf 77' lang='grc' dir='ltr'>δι</span> <span class='ocrx_word' id='word_1_68' title='bbox 1153 1184 1216 1256; x_wconf 84' lang='lat' dir='ltr'>alia</span> <span class='ocrx_word' id='word_1_69' title='bbox 1235 1202 1287 1256; x_wconf 86' lang='lat' dir='ltr'>ta·</span> 
     </span>
     <span class='ocr_line' id='line_1_10' title="bbox 321 1285 1414 1392; baseline 0 -26"><span class='ocrx_word' id='word_1_70' title='bbox 321 1293 389 1381; x_wconf 82' lang='lat' dir='ltr'>lia3</span> <span class='ocrx_word' id='word_1_71' title='bbox 401 1319 479 1392; x_wconf 70' lang='lat' dir='ltr'>qua</span> <span class='ocrx_word' id='word_1_72' title='bbox 491 1295 640 1392; x_wconf 84' lang='lat' dir='ltr'>populus</span> <span class='ocrx_word' id='word_1_73' title='bbox 654 1316 719 1368; x_wconf 88' lang='lat' dir='ltr'>tam</span> <span class='ocrx_word' id='word_1_74' title='bbox 736 1295 877 1368; x_wconf 84' lang='lat' dir='ltr'>libenter</span> <span class='ocrx_word' id='word_1_75' title='bbox 888 1294 1038 1392; x_wconf 86' lang='lat' dir='ltr'>accepit,</span> <span class='ocrx_word' id='word_1_76' title='bbox 1049 1311 1088 1368; x_wconf 87' lang='lat' dir='ltr'>ut</span> <span class='ocrx_word' id='word_1_77' title='bbox 1100 1317 1177 1368; x_wconf 89' lang='lat' dir='ltr'>eum</span> <span class='ocrx_word' id='word_1_78' title='bbox 1193 1292 1287 1392; x_wconf 79' lang='lat' dir='ltr'>posi-</span> <span class='ocrx_word' id='word_1_79' title='bbox 1413 1285 1414 1318; x_wconf 45' lang='lat' dir='ltr'>l</span> 
     </span>
     <span class='ocr_line' id='line_1_11' title="bbox 323 1399 1414 1503; baseline 0.001 -27"><span class='ocrx_word' id='word_1_80' title='bbox 323 1427 363 1476; x_wconf 85' lang='lat' dir='ltr'>ea</span> <span class='ocrx_word' id='word_1_81' title='bbox 384 1403 548 1501; x_wconf 81' lang='lat' dir='ltr'>imperare</span> <span class='ocrx_word' id='word_1_82' title='bbox 561 1404 818 1503; x_wconf 80' lang='lat' dir='ltr'>gratularentur.</span> <span class='ocrx_word' id='word_1_83' title='bbox 906 1489 910 1496; x_wconf 19' lang='grc'>1</span> <span class='ocrx_word' id='word_1_84' title='bbox 1413 1399 1414 1416; x_wconf 70' lang='grc'>’</span> 
     </span>
     <span class='ocr_line' id='line_1_12' title="bbox 374 1509 1414 1609; baseline -0.01 -19"><span class='ocrx_word' id='word_1_85' title='bbox 374 1517 501 1590; x_wconf 84' lang='grc' dir='ltr'><strong>ΧΧΙΙΙ.</strong></span> <span class='ocrx_word' id='word_1_86' title='bbox 519 1519 635 1588; x_wconf 84' lang='lat' dir='ltr'>Fertur</span> <span class='ocrx_word' id='word_1_87' title='bbox 652 1513 687 1586; x_wconf 92' lang='lat' dir='ltr'>in</span> <span class='ocrx_word' id='word_1_88' title='bbox 699 1513 824 1609; x_wconf 84' lang='lat' dir='ltr'>euripis</span> <span class='ocrx_word' id='word_1_89' title='bbox 838 1511 1045 1609; x_wconf 77' lang='lat' dir='ltr'>vino&#39;plenis</span> <span class='ocrx_word' id='word_1_90' title='bbox 1060 1510 1196 1586; x_wconf 83' lang='lat' dir='ltr'>navales</span> <span class='ocrx_word' id='word_1_91' title='bbox 1209 1509 1287 1582; x_wconf 86' lang='lat' dir='ltr'>Cir·</span> <span class='ocrx_word' id='word_1_92' title='bbox 1413 1593 1414 1598; x_wconf 7' lang='grc' dir='ltr'>η</span> 
     </span>
     <span class='ocr_line' id='line_1_13' title="bbox 265 1618 1288 1721; baseline -0.008 -21"><span class='ocrx_word' id='word_1_93' title='bbox 265 1675 274 1686; x_wconf 79' lang='lat'>-</span> <span class='ocrx_word' id='word_1_94' title='bbox 325 1623 440 1700; x_wconf 84' lang='lat' dir='ltr'>censes</span> <span class='ocrx_word' id='word_1_95' title='bbox 461 1623 665 1713; x_wconf 84' lang='lat' dir='ltr'>exhibuisse,</span> <span class='ocrx_word' id='word_1_96' title='bbox 692 1622 792 1721; x_wconf 88' lang='lat' dir='ltr'>pallia</span> <span class='ocrx_word' id='word_1_97' title='bbox 815 1625 857 1698; x_wconf 91' lang='lat' dir='ltr'>de</span> <span class='ocrx_word' id='word_1_98' title='bbox 879 1622 1060 1696; x_wconf 82' lang='lat' dir='ltr'>oenanthio</span> <span class='ocrx_word' id='word_1_99' title='bbox 1084 1618 1222 1708; x_wconf 80' lang='lat' dir='ltr'>fudisse,</span> <span class='ocrx_word' id='word_1_100' title='bbox 1248 1619 1288 1692; x_wconf 73' lang='lat' dir='ltr'>bc</span> 
     </span>
     <span class='ocr_line' id='line_1_14' title="bbox 324 1728 1289 1832; baseline -0.006 -26.043"><span class='ocrx_word' id='word_1_101' title='bbox 324 1735 582 1828; x_wconf 74' lang='lat' dir='ltr'>elephantorum</span> <span class='ocrx_word' id='word_1_102' title='bbox 608 1754 757 1830; x_wconf 88' lang='lat' dir='ltr'>quatuor</span> <span class='ocrx_word' id='word_1_103' title='bbox 774 1735 949 1832; x_wconf 84' lang='lat' dir='ltr'>quadrigas</span> <span class='ocrx_word' id='word_1_104' title='bbox 969 1733 1005 1804; x_wconf 92' lang='lat' dir='ltr'>in</span> <span class='ocrx_word' id='word_1_105' title='bbox 1023 1731 1193 1805; x_wconf 84' lang='lat' dir='ltr'>Vaticano</span> <span class='ocrx_word' id='word_1_106' title='bbox 1218 1728 1289 1828; x_wconf 82' lang='lat' dir='ltr'>agi·</span> 
     </span>
     <span class='ocr_line' id='line_1_15' title="bbox 324 1837 1289 1941; baseline -0.007 -25"><span class='ocrx_word' id='word_1_107' title='bbox 324 1843 428 1931; x_wconf 81' lang='lat' dir='ltr'>tasse,</span> <span class='ocrx_word' id='word_1_108' title='bbox 451 1843 570 1917; x_wconf 89' lang='lat' dir='ltr'>dirutis</span> <span class='ocrx_word' id='word_1_109' title='bbox 595 1843 773 1940; x_wconf 80' lang='lat' dir='ltr'>sepulcris,</span> <span class='ocrx_word' id='word_1_110' title='bbox 797 1869 872 1941; x_wconf 77' lang='lat' dir='ltr'>qua</span> <span class='ocrx_word' id='word_1_111' title='bbox 896 1842 1119 1919; x_wconf 72' lang='lat' dir='ltr'>obsistebant:</span> <span class='ocrx_word' id='word_1_112' title='bbox 1142 1837 1289 1934; x_wconf 77' lang='lat' dir='ltr'>junxisse</span> 
     </span>
     <span class='ocr_line' id='line_1_16' title="bbox 218 1943 1290 2050; baseline -0.004 -26"><span class='ocrx_word' id='word_1_113' title='bbox 218 1984 220 1988; x_wconf 95' lang='lat'>·</span> <span class='ocrx_word' id='word_1_114' title='bbox 324 1951 426 2024; x_wconf 87' lang='lat' dir='ltr'>etiam</span> <span class='ocrx_word' id='word_1_115' title='bbox 446 1952 595 2026; x_wconf 85' lang='lat' dir='ltr'>camelos</span> <span class='ocrx_word' id='word_1_116' title='bbox 616 1969 797 2050; x_wconf 86' lang='lat' dir='ltr'>quaternos</span> <span class='ocrx_word' id='word_1_117' title='bbox 820 1953 862 2024; x_wconf 86' lang='lat' dir='ltr'>ad</span> <span class='ocrx_word' id='word_1_118' title='bbox 880 1975 998 2026; x_wconf 86' lang='lat' dir='ltr'>currus</span> <span class='ocrx_word' id='word_1_119' title='bbox 1021 1951 1056 2023; x_wconf 93' lang='lat' dir='ltr'>in</span> <span class='ocrx_word' id='word_1_120' title='bbox 1076 1947 1201 2036; x_wconf 88' lang='lat' dir='ltr'>Circo,</span> <span class='ocrx_word' id='word_1_121' title='bbox 1217 1943 1290 2041; x_wconf 88' lang='lat' dir='ltr'>pri·</span> 
     </span>
     <span class='ocr_line' id='line_1_17' title="bbox 325 2053 1414 2156; baseline -0.002 -22"><span class='ocrx_word' id='word_1_122' title='bbox 325 2077 412 2134; x_wconf 83' lang='lat' dir='ltr'>vato</span> <span class='ocrx_word' id='word_1_123' title='bbox 437 2053 636 2154; x_wconf 71' lang='lat' dir='ltr'>speslnculo‘.</span> <span class='ocrx_word' id='word_1_124' title='bbox 658 2061 836 2156; x_wconf 84' lang='lat' dir='ltr'>Serpentes</span> <span class='ocrx_word' id='word_1_125' title='bbox 856 2087 915 2156; x_wconf 90' lang='lat' dir='ltr'>per</span> <span class='ocrx_word' id='word_1_126' title='bbox 932 2058 1084 2132; x_wconf 81' lang='lat' dir='ltr'>Marsrcae</span> <span class='ocrx_word' id='word_1_127' title='bbox 1104 2055 1211 2156; x_wconf 85' lang='lat' dir='ltr'>gentis</span> <span class='ocrx_word' id='word_1_128' title='bbox 1237 2054 1290 2128; x_wconf 69' lang='lat' dir='ltr'>sa-</span> <span class='ocrx_word' id='word_1_129' title='bbox 1413 2099 1414 2132; x_wconf 76' lang='lat'>3</span> 
     </span>
     <span class='ocr_line' id='line_1_18' title="bbox 324 2165 1290 2269; baseline -0.008 -25"><span class='ocrx_word' id='word_1_130' title='bbox 324 2169 479 2244; x_wconf 88' lang='lat' dir='ltr'>cerdotes</span> <span class='ocrx_word' id='word_1_131' title='bbox 502 2169 670 2269; x_wconf 80' lang='lat' dir='ltr'>collegisse</span> <span class='ocrx_word' id='word_1_132' title='bbox 696 2168 819 2258; x_wconf 87' lang='lat' dir='ltr'>fertur,</span> <span class='ocrx_word' id='word_1_133' title='bbox 847 2169 971 2268; x_wconf 81' lang='lat' dir='ltr'>eosque</span> <span class='ocrx_word' id='word_1_134' title='bbox 995 2168 1105 2240; x_wconf 89' lang='lat' dir='ltr'>subito</span> <span class='ocrx_word' id='word_1_135' title='bbox 1133 2187 1213 2238; x_wconf 86' lang='lat' dir='ltr'>anre</span> <span class='ocrx_word' id='word_1_136' title='bbox 1235 2165 1290 2237; x_wconf 90' lang='lat' dir='ltr'>lu-</span> 
     </span>
     <span class='ocr_line' id='line_1_19' title="bbox 326 2271 1414 2375; baseline -0.004 -25"><span class='ocrx_word' id='word_1_137' title='bbox 326 2301 421 2367; x_wconf 83' lang='lat' dir='ltr'>cem,</span> <span class='ocrx_word' id='word_1_138' title='bbox 439 2297 478 2350; x_wconf 93' lang='lat' dir='ltr'>ut</span> <span class='ocrx_word' id='word_1_139' title='bbox 498 2277 584 2352; x_wconf 90' lang='lat' dir='ltr'>solet</span> <span class='ocrx_word' id='word_1_140' title='bbox 605 2278 811 2375; x_wconf 87' lang='lat' dir='ltr'>populusad</span> <span class='ocrx_word' id='word_1_141' title='bbox 833 2278 932 2352; x_wconf 89' lang='lat' dir='ltr'>ludos</span> <span class='ocrx_word' id='word_1_142' title='bbox 948 2276 1095 2352; x_wconf 83' lang='lat' dir='ltr'>celebres</span> <span class='ocrx_word' id='word_1_143' title='bbox 1116 2271 1289 2348; x_wconf 85' lang='lat' dir='ltr'>conveni·</span> <span class='ocrx_word' id='word_1_144' title='bbox 1413 2281 1414 2369; x_wconf 70' lang='lat' dir='ltr'>l</span> 
     </span>
     <span class='ocr_line' id='line_1_20' title="bbox 325 2379 1407 2481; baseline 0.005 -27"><span class='ocrx_word' id='word_1_145' title='bbox 325 2408 384 2473; x_wconf 91' lang='lat' dir='ltr'>re,</span> <span class='ocrx_word' id='word_1_146' title='bbox 411 2384 582 2475; x_wconf 78' lang='lat' dir='ltr'>effudisse,</span> <span class='ocrx_word' id='word_1_147' title='bbox 609 2385 801 2481; x_wconf 88' lang='lat' dir='ltr'>multosque</span> <span class='ocrx_word' id='word_1_148' title='bbox 827 2385 967 2458; x_wconf 73' lang='lat' dir='ltr'>afflislos</span> <span class='ocrx_word' id='word_1_149' title='bbox 999 2383 1115 2458; x_wconf 88' lang='lat' dir='ltr'>morsu</span> <span class='ocrx_word' id='word_1_150' title='bbox 1140 2385 1179 2456; x_wconf 78' lang='grc' dir='ltr'>δι</span> <span class='ocrx_word' id='word_1_151' title='bbox 1205 2379 1291 2478; x_wconf 75' lang='lat' dir='ltr'>suga.</span> <span class='ocrx_word' id='word_1_152' title='bbox 1402 2401 1407 2414; x_wconf 71' lang='lat'>‘</span> 
     </span>
     <span class='ocr_line' id='line_1_21' title="bbox 323 2493 1413 2598; baseline 0.003 -31"><span class='ocrx_word' id='word_1_153' title='bbox 323 2495 414 2567; x_wconf 88' lang='lat' dir='ltr'>Usus</span> <span class='ocrx_word' id='word_1_154' title='bbox 430 2495 477 2568; x_wconf 85' lang='lat' dir='ltr'>est</span> <span class='ocrx_word' id='word_1_155' title='bbox 492 2521 589 2570; x_wconf 84' lang='lat' dir='ltr'>aurea</span> <span class='ocrx_word' id='word_1_156' title='bbox 603 2493 699 2568; x_wconf 91' lang='lat' dir='ltr'>omni</span> <span class='ocrx_word' id='word_1_157' title='bbox 713 2496 846 2598; x_wconf 84' lang='lat' dir='ltr'>tunica,</span> <span class='ocrx_word' id='word_1_158' title='bbox 866 2496 940 2568; x_wconf 86' lang='lat' dir='ltr'>usus</span> <span class='ocrx_word' id='word_1_159' title='bbox 955 2498 992 2569; x_wconf 75' lang='grc' dir='ltr'>δι</span> <span class='ocrx_word' id='word_1_160' title='bbox 1007 2517 1195 2592; x_wconf 88' lang='lat' dir='ltr'>purpurea,</span> <span class='ocrx_word' id='word_1_161' title='bbox 1211 2493 1291 2570; x_wconf 82' lang='lat' dir='ltr'>usus</span> <span class='ocrx_word' id='word_1_162' title='bbox 1412 2563 1413 2588; x_wconf 39' lang='lat'><em>2</em></span> 
     </span>
     <span class='ocr_line' id='line_1_22' title="bbox 277 2591 1413 2702; baseline -0.001 -29"><span class='ocrx_word' id='word_1_163' title='bbox 277 2593 304 2693; x_wconf 49' lang='lat' dir='ltr'><strong><em>J</em></strong></span> <span class='ocrx_word' id='word_1_164' title='bbox 325 2601 366 2673; x_wconf 91' lang='lat'>&amp;</span> <span class='ocrx_word' id='word_1_165' title='bbox 382 2600 423 2671; x_wconf 91' lang='lat' dir='ltr'>de</span> <span class='ocrx_word' id='word_1_166' title='bbox 437 2601 575 2696; x_wconf 83' lang='lat' dir='ltr'>gemmis</span> <span class='ocrx_word' id='word_1_167' title='bbox 590 2601 720 2693; x_wconf 74' lang='lat' dir='ltr'>Persica</span> <span class='ocrx_word' id='word_1_168' title='bbox 729 2657 742 2691; x_wconf 92' lang='lat'>,</span> <span class='ocrx_word' id='word_1_169' title='bbox 758 2627 834 2677; x_wconf 88' lang='lat' dir='ltr'>cum</span> <span class='ocrx_word' id='word_1_170' title='bbox 854 2601 984 2702; x_wconf 85' lang='lat' dir='ltr'>gravari</span> <span class='ocrx_word' id='word_1_171' title='bbox 1000 2602 1038 2674; x_wconf 85' lang='lat' dir='ltr'>‘se</span> <span class='ocrx_word' id='word_1_172' title='bbox 1059 2602 1183 2675; x_wconf 89' lang='lat' dir='ltr'>diceret</span> <span class='ocrx_word' id='word_1_173' title='bbox 1205 2623 1290 2672; x_wconf 89' lang='lat' dir='ltr'>one·</span> <span class='ocrx_word' id='word_1_174' title='bbox 1412 2591 1413 2594; x_wconf 27' lang='lat'>¹</span> 
     </span>
     <span class='ocr_line' id='line_1_23' title="bbox 325 2709 1413 2808; baseline -0.003 -24"><span class='ocrx_word' id='word_1_175' title='bbox 325 2733 364 2784; x_wconf 87' lang='lat' dir='ltr'>re</span> <span class='ocrx_word' id='word_1_176' title='bbox 388 2711 585 2806; x_wconf 86' lang='lat' dir='ltr'>voluptatis.</span> <span class='ocrx_word' id='word_1_177' title='bbox 604 2712 732 2786; x_wconf 88' lang='lat' dir='ltr'>Habuit</span> <span class='ocrx_word' id='word_1_178' title='bbox 751 2715 787 2786; x_wconf 79' lang='grc' dir='ltr'>δι</span> <span class='ocrx_word' id='word_1_179' title='bbox 808 2712 844 2784; x_wconf 92' lang='lat' dir='ltr'>in</span> <span class='ocrx_word' id='word_1_180' title='bbox 870 2710 1099 2785; x_wconf 82' lang='lat' dir='ltr'>calciamentis</span> <span class='ocrx_word' id='word_1_181' title='bbox 1123 2733 1289 2808; x_wconf 80' lang='lat' dir='ltr'>gemmas.</span> <span class='ocrx_word' id='word_1_182' title='bbox 1412 2709 1413 2750; x_wconf 55' lang='lat' dir='ltr'>l</span> 
     </span>
     <span class='ocr_line' id='line_1_24' title="bbox 326 2817 1412 2920; baseline -0.005 -26"><span class='ocrx_word' id='word_1_183' title='bbox 326 2821 367 2894; x_wconf 91' lang='lat'>&amp;</span> <span class='ocrx_word' id='word_1_184' title='bbox 389 2821 525 2918; x_wconf 88' lang='lat' dir='ltr'>quidem</span> <span class='ocrx_word' id='word_1_185' title='bbox 544 2821 708 2917; x_wconf 65' lang='lat' dir='ltr'>sculptam</span> <span class='ocrx_word' id='word_1_186' title='bbox 732 2821 827 2920; x_wconf 89' lang='lat' dir='ltr'>quod</span> <span class='ocrx_word' id='word_1_187' title='bbox 851 2819 954 2895; x_wconf 88' lang='lat' dir='ltr'>risum</span> <span class='ocrx_word' id='word_1_188' title='bbox 978 2819 1135 2894; x_wconf 86' lang='lat' dir='ltr'>omnibus</span> <span class='ocrx_word' id='word_1_189' title='bbox 1157 2817 1290 2892; x_wconf 82' lang='lat' dir='ltr'>movitt</span> <span class='ocrx_word' id='word_1_190' title='bbox 1409 2905 1412 2914; x_wconf 13' lang='lat' dir='ltr'>A</span> 
     </span>
     <span class='ocr_line' id='line_1_25' title="bbox 325 2927 1412 3028; baseline -0.004 -25"><span class='ocrx_word' id='word_1_191' title='bbox 325 2929 417 3028; x_wconf 85' lang='lat' dir='ltr'>quast</span> <span class='ocrx_word' id='word_1_192' title='bbox 439 2930 570 3026; x_wconf 81' lang='lat' dir='ltr'>pollent</span> <span class='ocrx_word' id='word_1_193' title='bbox 593 2931 771 3027; x_wconf 80' lang='lat' dir='ltr'>sculpturae</span> <span class='ocrx_word' id='word_1_194' title='bbox 798 2931 966 3005; x_wconf 89' lang='lat' dir='ltr'>nobilium</span> <span class='ocrx_word' id='word_1_195' title='bbox 987 2928 1153 3004; x_wconf 81' lang='lat' dir='ltr'>artificum</span> <span class='ocrx_word' id='word_1_196' title='bbox 1178 2927 1290 3002; x_wconf 88' lang='lat' dir='ltr'>videri</span> <span class='ocrx_word' id='word_1_197' title='bbox 1410 2961 1412 2980; x_wconf 84' lang='grc'><strong><em>·</em></strong></span> 
     </span>
     <span class='ocr_line' id='line_1_26' title="bbox 326 3034 1412 3138; baseline -0.007 -22"><span class='ocrx_word' id='word_1_198' title='bbox 326 3039 364 3116; x_wconf 85' lang='lat' dir='ltr'>in</span> <span class='ocrx_word' id='word_1_199' title='bbox 389 3041 551 3137; x_wconf 85' lang='lat' dir='ltr'>gemmis,</span> <span class='ocrx_word' id='word_1_200' title='bbox 574 3065 651 3138; x_wconf 78' lang='lat' dir='ltr'>quae</span> <span class='ocrx_word' id='word_1_201' title='bbox 675 3034 817 3137; x_wconf 86' lang='lat' dir='ltr'>pedibus</span> <span class='ocrx_word' id='word_1_202' title='bbox 840 3041 1067 3114; x_wconf 70' lang='lat' dir='ltr'>adherebant.</span> <span class='ocrx_word' id='word_1_203' title='bbox 1091 3035 1290 3112; x_wconf 78' lang='lat' dir='ltr'>Voluit‘uti</span> <span class='ocrx_word' id='word_1_204' title='bbox 1411 3117 1412 3120; x_wconf 5' lang='grc' dir='ltr'><strong>Ἴ</strong></span> 
     </span>
     <span class='ocr_line' id='line_1_27' title="bbox 325 3145 1291 3247; baseline -0.003 -27"><span class='ocrx_word' id='word_1_205' title='bbox 325 3148 367 3220; x_wconf 90' lang='lat'>&amp;</span> <span class='ocrx_word' id='word_1_206' title='bbox 394 3147 579 3222; x_wconf 86' lang='lat' dir='ltr'>diademate</span> <span class='ocrx_word' id='word_1_207' title='bbox 604 3169 793 3246; x_wconf 83' lang='lat' dir='ltr'>gemmato,</span> <span class='ocrx_word' id='word_1_208' title='bbox 818 3171 890 3247; x_wconf 92' lang='lat' dir='ltr'>quo</span> <span class='ocrx_word' id='word_1_209' title='bbox 919 3147 1094 3246; x_wconf 85' lang='lat' dir='ltr'>pulchrior</span> <span class='ocrx_word' id='word_1_210' title='bbox 1119 3145 1231 3233; x_wconf 85' lang='lat' dir='ltr'>fieret,</span> <span class='ocrx_word' id='word_1_211' title='bbox 1250 3147 1291 3218; x_wconf 78' lang='grc' dir='ltr'>δι</span> 
     </span>
     <span class='ocr_line' id='line_1_28' title="bbox 325 3254 1290 3360; baseline -0.004 -26"><span class='ocrx_word' id='word_1_212' title='bbox 325 3255 433 3356; x_wconf 84' lang='lat' dir='ltr'>magis</span> <span class='ocrx_word' id='word_1_213' title='bbox 450 3254 490 3331; x_wconf 87' lang='lat' dir='ltr'>ad</span> <span class='ocrx_word' id='word_1_214' title='bbox 505 3257 706 3334; x_wconf 85' lang='lat' dir='ltr'>seminarum</span> <span class='ocrx_word' id='word_1_215' title='bbox 722 3260 854 3334; x_wconf 90' lang='lat' dir='ltr'>vultum</span> <span class='ocrx_word' id='word_1_216' title='bbox 873 3283 987 3358; x_wconf 85' lang='lat' dir='ltr'>aptus:</span> <span class='ocrx_word' id='word_1_217' title='bbox 1003 3285 1074 3360; x_wconf 89' lang='lat' dir='ltr'>quo</span> <span class='ocrx_word' id='word_1_218' title='bbox 1098 3261 1136 3334; x_wconf 90' lang='lat'>&amp;</span> <span class='ocrx_word' id='word_1_219' title='bbox 1150 3257 1226 3332; x_wconf 86' lang='lat' dir='ltr'>usus</span> <span class='ocrx_word' id='word_1_220' title='bbox 1240 3255 1290 3330; x_wconf 90' lang='lat' dir='ltr'>est</span> 
     </span>
     <span class='ocr_line' id='line_1_29' title="bbox 277 3366 1291 3468; baseline -0.001 -26"><span class='ocrx_word' id='word_1_221' title='bbox 277 3387 280 3392; x_wconf 83' lang='lat'>&#39;</span> <span class='ocrx_word' id='word_1_222' title='bbox 326 3369 434 3443; x_wconf 88' lang='lat' dir='ltr'>domi.</span> <span class='ocrx_word' id='word_1_223' title='bbox 464 3372 581 3441; x_wconf 86' lang='lat' dir='ltr'>Fertur</span> <span class='ocrx_word' id='word_1_224' title='bbox 605 3371 644 3443; x_wconf 91' lang='lat'>&amp;</span> <span class='ocrx_word' id='word_1_225' title='bbox 668 3371 852 3467; x_wconf 84' lang='lat' dir='ltr'>promisrsle</span> <span class='ocrx_word' id='word_1_226' title='bbox 880 3371 1075 3468; x_wconf 87' lang='lat' dir='ltr'>phoenicem</span> <span class='ocrx_word' id='word_1_227' title='bbox 1102 3366 1291 3458; x_wconf 87' lang='lat' dir='ltr'>convivis,</span> 
     </span>
     <span class='ocr_line' id='line_1_30' title="bbox 327 3469 1295 3582; baseline -0.004 -26"><span class='ocrx_word' id='word_1_228' title='bbox 327 3469 385 3556; x_wconf 82' lang='lat' dir='ltr'>vel</span> <span class='ocrx_word' id='word_1_229' title='bbox 407 3502 471 3576; x_wconf 87' lang='lat' dir='ltr'>pto</span> <span class='ocrx_word' id='word_1_230' title='bbox 494 3474 533 3552; x_wconf 82' lang='lat' dir='ltr'>ea</span> <span class='ocrx_word' id='word_1_231' title='bbox 558 3479 659 3554; x_wconf 85' lang='lat' dir='ltr'>libras</span> <span class='ocrx_word' id='word_1_232' title='bbox 685 3479 757 3552; x_wconf 88' lang='lat' dir='ltr'>auri</span> <span class='ocrx_word' id='word_1_233' title='bbox 785 3480 898 3571; x_wconf 88' lang='lat' dir='ltr'>mille,</span> <span class='ocrx_word' id='word_1_234' title='bbox 924 3501 962 3555; x_wconf 90' lang='lat' dir='ltr'>ut</span> <span class='ocrx_word' id='word_1_235' title='bbox 987 3482 1026 3554; x_wconf 91' lang='lat' dir='ltr'>in</span> <span class='ocrx_word' id='word_1_236' title='bbox 1047 3479 1212 3579; x_wconf 71' lang='lat' dir='ltr'>pretorio</span> <span class='ocrx_word' id='word_1_237' title='bbox 1228 3503 1295 3582; x_wconf 86' lang='lat' dir='ltr'>eas</span> 
     </span>
     <span class='ocr_line' id='line_1_31' title="bbox 326 3589 1293 3692; baseline -0.001 -28"><span class='ocrx_word' id='word_1_238' title='bbox 326 3589 520 3664; x_wconf 86' lang='lat' dir='ltr'>dimitteret.</span> <span class='ocrx_word' id='word_1_239' title='bbox 550 3591 691 3665; x_wconf 85' lang='lat' dir='ltr'>Marinae</span> <span class='ocrx_word' id='word_1_240' title='bbox 719 3615 813 3688; x_wconf 86' lang='lat' dir='ltr'>aquae</span> <span class='ocrx_word' id='word_1_241' title='bbox 841 3591 1026 3692; x_wconf 90' lang='lat' dir='ltr'>colymbos</span> <span class='ocrx_word' id='word_1_242' title='bbox 1050 3591 1230 3683; x_wconf 86' lang='lat' dir='ltr'>exhibuit,</span> <span class='ocrx_word' id='word_1_243' title='bbox 1255 3591 1293 3664; x_wconf 92' lang='lat' dir='ltr'>in</span> 
     </span>
     <span class='ocr_line' id='line_1_32' title="bbox 174 3699 1292 3799; baseline 0.001 -27"><span class='ocrx_word' id='word_1_244' title='bbox 174 3747 178 3754; x_wconf 88' lang='lat'><em>·</em></span> <span class='ocrx_word' id='word_1_245' title='bbox 287 3699 1292 3799; x_wconf 70' lang='lat' dir='ltr'>¹mediterraneislocismartime,eosdembtsingulisanri·</span> 
     </span>
    </p>
   </div>
   <div class='ocr_carea' id='block_1_4' title="bbox 277 3803 1293 3930">
    <p class='ocr_par' dir='ltr' id='par_1_4' title="bbox 277 3803 1293 3930">
     <span class='ocr_line' id='line_1_33' title="bbox 277 3803 1293 3930; baseline -0.001 -42"><span class='ocrx_word' id='word_1_246' title='bbox 277 3819 280 3824; x_wconf 77' lang='grc'>’</span> <span class='ocrx_word' id='word_1_247' title='bbox 329 3808 379 3888; x_wconf 82' lang='lat' dir='ltr'>cis</span> <span class='ocrx_word' id='word_1_248' title='bbox 397 3814 586 3895; x_wconf 78' lang='lat' dir='ltr'>natantibus</span> <span class='ocrx_word' id='word_1_249' title='bbox 601 3803 746 3910; x_wconf 73' lang='lat' dir='ltr'>dimisit,</span> <span class='ocrx_word' id='word_1_250' title='bbox 762 3817 801 3895; x_wconf 73' lang='grc' dir='ltr'>δι</span> <span class='ocrx_word' id='word_1_251' title='bbox 819 3815 942 3930; x_wconf 74' lang='lat' dir='ltr'>iterum</span> <span class='ocrx_word' id='word_1_252' title='bbox 959 3813 1106 3917; x_wconf 84' lang='lat' dir='ltr'>piscibus</span> <span class='ocrx_word' id='word_1_253' title='bbox 1123 3811 1293 3914; x_wconf 84' lang='lat' dir='ltr'>implevit.</span> 
     </span>
    </p>
   </div>
   <div class='ocr_carea' id='block_1_5' title="bbox 0 0 1444 4824">
    <p class='ocr_par' dir='ltr' id='par_1_5' title="bbox 0 0 1444 4824">
     <span class='ocr_line' id='line_1_34' title="bbox 0 0 1444 4824; baseline 0 0"><span class='ocrx_word' id='word_1_254' title='bbox 0 0 1444 4824; x_wconf 95' lang='lat' dir='ltr'> </span> 
     </span>
    </p>
   </div>
  </div>
 </body>
</html>
