2932 4824
328 395 332 402 =
394 381 462 432 202
555 354 727 430 AELll
774 320 1212 426 SPARTIANI

392 523 460 591 deo.
485 513 667 588 eratenim
690 513 862 588 luvenalis
885 511 1113 588 Praefeuus
1084 537 1157 608 elus
1178 514 1361 612 pretorio.
1390 467 1393 472 Ι

392 627 466 700 Nec
484 649 561 702 eum
580 623 708 702 fefellit.
722 649 799 700 nam
815 625 1008 717 Ballianus,
1021 650 1098 702 cum
1114 651 1196 700 eum
1214 628 1360 704 occidis·
1445 703 1446 712 χ

392 737 462 828 ter,
477 763 516 812 ac
534 754 705 810 vereretur
719 729 937 865 tyrannicam
957 763 996 811 ex
1015 735 1200 836 parricidio
1214 757 1359 829 notam,

391 848 712 946 audiretque,polle
723 871 867 948 murgam
856 847 1205 936 facinus‚fiD1vum
1217 846 1358 920 fratrem

392 958 594 1054 appellaret,
615 957 730 1032 dixille
751 959 878 1048 fertur,
896 963 949 1031 Sir
969 960 1105 1047 Divus,
1128 963 1204 1030 dum
1228 985 1297 1029 non
1309 957 1358 1055 fir

392 1076 495 1144 virus.
511 1068 673 1170 Denique
690 1095 767 1144 eum
781 1071 869 1144 inter
882 1072 1000 1143 Divos
1014 1068 1127 1142 retulit
1135 1093 1261 1165 ,arque
1277 1068 1357 1141 ideo
1445 1149 1446 1158 ἵ

308 1224 310 1231 ·
395 1197 568 1275 utcunque
585 1178 687 1254 rediit
702 1204 779 1264 cum
794 1179 903 1254 fama
894 1206 929 1253 ιη
945 1199 1085 1279 granam
1099 1178 1288 1276 parrrcrda
1372 1243 1374 1246 ,
1445 1195 1446 1274 l

440 1291 496 1362 lll.
516 1289 624 1362 Natus
643 1290 691 1362 est
712 1295 822 1380 Geta,
840 1294 970 1364 Severo
992 1293 1031 1366 &
1051 1290 1194 1365 Vitellio
1204 1283 1357 1364 Consu·
1445 1313 1446 1332 ³

393 1383 503 1488 libus,
525 1398 731 1490 Mediolani,
749 1401 808 1473 erla
828 1401 924 1474 aliter
943 1400 1000 1474 alii
1021 1380 1265 1498 piodiderunt,
1280 1399 1357 1471 sex-

393 1525 431 1579 to
451 1508 620 1582 Kalendas
640 1453 771 1600 Juniis,
788 1535 833 1583 ex
853 1510 957 1600 Julia,
978 1535 1079 1610 quam
1098 1509 1228 1584 idcirco
1249 1511 1355 1583 Seve-

392 1641 449 1691 rus
469 1641 612 1691 uxorem
636 1619 797 1709 duxerat,
816 1621 911 1718 quod
929 1645 1003 1694 eam
1021 1621 1056 1694 in
1078 1620 1232 1719 genitura
1252 1619 1356 1692 liabe-

391 1749 429 1800 re
449 1747 682 1822 compererat,
706 1745 745 1801 ut
767 1729 854 1828 regis
880 1754 969 1802 uxor
996 1729 1095 1820 oller,
1119 1728 1216 1828 isque
1241 1728 1357 1826 priva·

390 1853 465 1926 rus,
482 1838 538 1910 sed
552 1838 616 1931 jarn
632 1840 755 1936 optimi
771 1843 807 1916 in
823 1843 993 1937 republica
1009 1841 1090 1916 loci.
1107 1839 1224 1912 Statim
1243 1857 1281 1910 ut
1296 1863 1355 1910 na·

393 1965 448 2020 tus
468 1947 535 2038 est,
549 1949 741 2022 nuntiarum
760 1950 828 2040 est,
843 1975 953 2023 ovum
970 1951 1126 2048 gallinam
1149 1948 1185 2019 in
1203 1947 1281 2018 aula
1299 1969 1357 2041 pe·

391 2057 510 2154 perille
523 2084 740 2156 purpureum.
752 2062 860 2155 Quod
874 2086 953 2135 curn
964 2061 1098 2134 allatum
1110 2057 1279 2130 Ballianus
1291 2055 1357 2128 fra·

392 2193 445 2242 rer
463 2168 535 2264 ejus
554 2167 748 2263 accepisset,
769 2173 807 2243 &
827 2169 917 2268 quali
937 2168 1098 2266 parvulus
1116 2165 1295 2266 applosum
1315 2164 1358 2236 ad
1443 2161 1446 2168 ⁴

393 2298 518 2353 terram
538 2278 702 2376 fregisset,
719 2279 803 2352 Julia
819 2279 936 2353 dixille
956 2279 1062 2352 fertur
1087 2275 1188 2372 joco,
1212 2283 1357 2350 Maledi-

255 2383 261 2402 ’
393 2393 435 2462 tle
448 2396 631 2486 parricida,
650 2391 783 2481 fratrem
800 2416 887 2462 tuum
914 2391 1055 2491 occidisti.
1075 2389 1176 2486 quue
1198 2387 1283 2480 joco
1303 2385 1357 2456 di·

393 2500 504 2589 tium,
527 2500 670 2574 Severus
695 2497 793 2573 altius
820 2521 920 2594 quam
944 2496 1121 2595 quisquam
1142 2492 1356 2593 praesentium

361 2637 363 2643 ’
393 2607 544 2703 accepit:
563 2633 582 2681 a
599 2607 889 2682 circumstantibus
909 2625 1020 2682 autern
1031 2606 1167 2704 postea,
1181 2605 1281 2677 velut
1303 2603 1357 2675 di·

306 2795 310 2802 ,
395 2717 526 2790 vinicus
545 2719 705 2810 effusum,
727 2719 949 2816 approbatum
968 2718 1025 2790 est.
1048 2715 1123 2789 Fuit
1142 2715 1242 2789 etiam
1266 2713 1358 2787 aliud

394 2847 509 2906 omen.
523 2850 600 2898 narn
614 2851 693 2900 cum
711 2825 840 2900 invilla
857 2824 1027 2932 cujusdam
1040 2821 1233 2913 Antonini,
1246 2821 1355 2918 plebei

394 2932 563 3026 hominis,
573 2959 677 3033 agnus
690 2953 786 3008 natus
798 2935 896 3025 effer,
905 2933 965 3034 qui
975 2933 1084 3010 vellus
1095 2933 1132 3006 in
1146 2931 1262 3004 fronte
1276 2954 1357 3026 pur·

367 3126 372 3134 ,
394 3065 538 3138 pureum
558 3044 715 3131 haberer,
727 3044 851 3117 eadem
867 3043 921 3118 die
941 3061 1043 3142 atque
1056 3041 1162 3133 hora,
1181 3065 1248 3138 qua
1269 3043 1367 3140 Geta

395 3152 573 3241 natusest,
591 3153 797 3252 audissetque
819 3155 876 3228 ille
896 3155 938 3227 ab
952 3151 1143 3249 haruspice,
1162 3150 1238 3248 poll
1250 3152 1358 3223 Seve-

394 3285 491 3348 rum,
510 3261 725 3352 Antoninum
750 3263 1010 3360 imperaturum,
1032 3287 1072 3337 ac
1092 3263 1134 3336 de
1152 3262 1188 3334 'se
1212 3259 1271 3333 ille
1296 3285 1357 3332 au·

394 3387 588 3468 guraretur,
602 3369 657 3442 sed
671 3387 783 3443 tamen
795 3371 861 3444 tale
876 3370 935 3442 fari
947 3369 1079 3442 timeret
1091 3367 1277 3458 indicium,
1289 3367 1357 3440 fer·

394 3501 436 3551 ro
458 3504 534 3554 eum
555 3479 683 3579 adegit:
699 3481 796 3578 quod
812 3481 851 3554 &
874 3478 980 3574 ipsum
1000 3480 1096 3580 signo
1119 3478 1205 3570 fuir,
1231 3471 1355 3550 Getam

326 3609 329 3614 ·
392 3591 436 3663 ab
451 3589 633 3665 Antonino
647 3591 926 3683 interimendum,
941 3612 980 3667 ur
995 3592 1111 3690 postea
1129 3591 1205 3666 satis
1220 3588 1353 3666 claruit.

393 3699 469 3772 Fuit
483 3700 690 3794 etiamaliud
708 3725 810 3776 omen
827 3702 945 3798 ingens
963 3701 1092 3798 postea,
1108 3717 1146 3773 ut
1163 3699 1277 3773 exitus
1295 3700 1354 3770 do·

275 3824 283 3840 '
326 3843 328 3850 ,
393 3809 465 3884 cuit
482 3811 580 3908 hujus
597 3811 775 3904 facinoris,
789 3813 883 3912 quod
898 3813 1025 3892 evenit.
1037 3814 1125 3900 Nam
1145 3809 1223 3888 cunr
1238 3808 1352 3883 infant
