2884 4828
371 347 435 398 122
566 324 727 396 JULll
765 321 1141 412 CAPITOL,lNl

364 477 454 563 lellis
472 494 659 573 emerguntr
669 475 750 550 Post
765 477 835 552 hoc
850 478 1022 574 prefectus
1041 480 1128 554 Urbi
1148 481 1270 558 sadus:
1283 481 1319 556 in
1430 527 1432 537 ι

363 611 431 684 qua
457 586 652 683 prasesiura
678 587 755 683 post
778 585 997 680 Fuscianum,
1024 591 1198 668 hominem
1224 591 1322 668 sete·
1369 625 1371 630 ·

364 697 633 788 rum„Pettinax
650 697 838 776 nlitiffimus
854 703 893 776 δι
910 703 1159 780 humanissimus
1179 702 1265 778 suit:
1284 707 1323 778 δι

364 811 426 908 ipsr
444 811 643 884 Commodo
663 812 844 908 plurimum
865 814 1009 911 placuit,
1029 815 1108 913 quia
1129 816 1189 890 ille
1207 815 1287 890 esset
1303 821 1322 856 *
1384 829 1387 843 '

362 921 504 1010 iterum,
518 944 595 995 cum
609 919 769 994 Pertinax
790 919 893 994 fartus
906 920 962 994 est.
974 924 1074 995 Tunc
1094 921 1252 997 Pertinax
1268 920 1323 996 in-
1437 989 1438 1002 ,

247 1089 248 1094 ,
363 1027 552 1124 tetsiciendi
567 1029 754 1103 Commodi
775 1029 1016 1105 conscientiam
1035 1028 1178 1103 delatam
1202 1030 1263 1104 sibi
1283 1032 1324 1104 ab
1437 1075 1438 1122 p

364 1139 438 1214 aliis
455 1165 527 1214 non
543 1137 643 1240 fugit.
664 1140 864 1214 Commodo
890 1157 1001 1213 autem
1027 1137 1231 1230 interemto,
1251 1143 1325 1214 aaa

362 1253 418 1322 'tus
431 1249 605 1344 prefectus
620 1248 793 1346 pretorii,
806 1250 844 1324 δι
861 1249 993 1323 Electus
1013 1248 1267 1340 cubicularius,
1284 1251 1326 1323 ad
1437 1281 1438 1316 ι

363 1385 453 1463 eum,
461 1379 649 1450 venerunt,
663 1384 700 1434 ut
721 1385 799 1434 eum
817 1357 1055 1435 confirmarent
1066 1386 1078 1448 ;
1091 1378 1191 1458 atque
1208 1361 1250 1437 in
1265 1387 1324 1436 ca·

364 1467 429 1540 stra
450 1470 633 1544 duxerunt.
651 1467 725 1541 lllic
749 1469 908 1541 Pertinax
927 1468 1050 1544 milites
1072 1468 1240 1544 allocutus
1260 1469 1325 1543 cll:

364 1578 564 1651 donativum
583 1575 752 1672 promisit:
777 1576 883 1674 ingeri
905 1575 966 1648 fibi
988 1576 1167 1674 imperium
1188 1603 1209 1651 a
1227 1581 1324 1652 leto
1379 1651 1383 1684 Ι

362 1688 402 1762 δι
417 1686 534 1760 Eleslo
548 1684 643 1762 dixit.
657 1685 786 1760 Pistum
803 1686 851 1759 ell
866 1705 978 1762 autem
989 1689 1114 1786 ,quod
1131 1689 1255 1764 morbo
1275 1689 1326 1762 es·
1435 1675 1438 1694 ⁴

363 1797 414 1870 set
431 1797 645 1870 Commodus
658 1795 836 1870 exslrnslus
844 1797 951 1895 ,quia
967 1801 1006 1874 δι
1024 1799 1168 1920 milites,
1185 1824 1227 1873 ne
1250 1822 1325 1872 ten·

363 1921 516 1976 tutentur
526 1902 835 1999 ,pertimescebam
850 1851 1168 2004 Deniqueapaucis
1176 1907 1325 2003 primum
1409 1911 1410 1914 ’

365 2013 414 2086 est
429 2014 587 2088 Pertmax
603 2016 790 2109 Imperator
802 2014 999 2111 appellatus.
1016 2017 1131 2090 Padus
1147 2016 1194 2089 esl
1212 2033 1325 2089 autem
1437 2069 1438 2072 ,

365 2121 582 2222 sexagenario
606 2120 717 2216 major
733 2125 940 2219 Imperator,
962 2123 1070 2219 pridie
1087 2123 1256 2198 Kalendas
1273 2125 1326 2198 Ja·

365 2234 505 2308 nuarias.
527 2233 584 2306 De
611 2231 724 2306 castris
749 2233 849 2322 nocte
870 2257 947 2308 cum
966 2232 1008 2306 ad
1031 2234 1189 2307 Senatum
1214 2230 1339 2336 venis·¹
1437 2239 1438 2332 f

244 2422 247 2434 s
364 2337 434 2431 set,
453 2344 491 2418 δι
512 2339 632 2430 cellam
652 2338 753 2414 curiae
774 2337 909 2432 jussisset
931 2340 1076 2438 aperiri,
1094 2365 1204 2438 neque
1223 2340 1327 2415 inve·

366 2453 496 2526 nitetur
514 2451 679 2536 aedituus3
701 2449 737 2521 in
759 2450 890 2544 templo
910 2451 1116 2538 Concordia
1132 2450 1263 2524 resedit.
1283 2454 1326 2525 Et
1436 2451 1438 2542 ι

127 2575 141 2598 “
264 2607 266 2622 ›
367 2585 446 2634 cum
467 2562 510 2634 ad
531 2584 608 2635 eum
630 2558 793 2634 Claudius
816 2557 1061 2654 Pompeianus,
1081 2582 1179 2655 gener
1198 2561 1325 2652 Marci,

366 2667 535 2758 venisset,
565 2667 743 2766 casumque
772 2666 960 2742 Commodi
991 2664 1216 2758 lacrimasset,
1241 2684 1325 2742 'eum
1437 2763 1438 2766 Ἴ

366 2777 520 2850 hortatus
534 2778 581 2850 ell
593 2777 769 2867 Pertinax,
784 2795 823 2851 ut
834 2775 1012 2875 imperium
1026 2778 1183 2852 sumeret:
1199 2777 1254 2852 sed
1269 2778 1326 2853 ille

368 2887 535 2963 recusavit
542 2889 650 2987 ,quia
662 2887 730 2984 jam
746 2892 989 3013 Imperatorem
1002 2886 1208 2962 Pertinacem
1226 2889 1326 2964 virle·
1437 2875 1438 2902 ¹

366 2999 436 3073 bat.
449 3000 567 3072 Statim
581 2996 790 3096 ergoomuis
803 2996 1010 3108 magistratus
1023 3013 1102 3071 cum
1119 2997 1270 3072 Consule
1285 2999 1326 3072 ad

257 3104 260 3118 '
303 3182 306 3184 ,
367 3108 495 3182 curiam
514 3133 680 3184 venerunt
688 3100 961 3207 ,ingressumque
981 3107 1214 3240 Pertinacem,
1229 3111 1327 3184 node
1435 3193 1436 3198 ,

367 3221 607 3312 lmperatorem
621 3217 891 3315 appellaverunt.

415 3327 457 3398 V.
472 3326 544 3422 lpse
563 3345 672 3400 autem
687 3327 846 3401 Pertinax
861 3325 936 3428 poll
951 3326 1065 3402 laudes
1083 3326 1177 3418 suas,
1182 3330 1327 3402 aCon·

366 3435 492 3511 sulibus
512 3437 638 3525 didas,
651 3438 689 3512 δι
709 3435 795 3531 poll
805 3434 1094 3532 vituperationem
1114 3418 1328 3526 Commodi,

368 3546 666 3622 acclamationibus
682 3545 821 3618 Senatus
839 3545 1027 3629 ostensam,
1045 3545 1114 3645 egit
1127 3548 1251 3646 gratias
1270 3548 1327 3620 Se·
1437 3567 1438 3644 ι

367 3657 482 3747 natui,
502 3661 539 3731 δι
560 3655 728 3752 precipue
747 3657 866 3746 Laeto,
883 3655 1044 3745 Praeseslo
1059 3654 1233 3753 praetorii,
1252 3677 1384 3754 quo.
1437 3663 1438 3748 ι

368 3767 503 3843 auclore
523 3769 561 3844 δι
575 3768 791 3843 Commodus
803 3764 1022 3884 interemtus,
1036 3772 1074 3846 δι
1089 3769 1157 3868 ipse
1176 3771 1325 3866 Impera·
1437 3791 1438 3804 ¹
