2856 4824
373 347 443 418 ιη
552 319 1207 398 AEt11tnut³u1D11

264 478 268 486 ’
327 541 333 554 r
370 504 453 559 tunc
474 501 569 582 pater
586 481 723 581 agebat,
747 479 841 577 supra
865 479 1001 552 statuam
1025 473 1111 578 regis
1134 479 1272 578 posuit,
1292 481 1335 558 ita
1409 465 1414 537 l

292 651 295 658 .
371 616 410 664 ut
426 593 529 689 capiti
552 590 623 686 ejus
640 607 790 685 aptaret,
811 592 906 689 quod
931 590 1027 664 multi
1053 591 1249 666 ominosum
1273 619 1336 690 pu·

369 720 501 790 tarunt,
515 703 553 774 dt
566 698 669 772 morti
678 700 951 773 accommodum.
961 700 1088 772 clarum
1102 719 1212 774 autem
1227 724 1334 774 even·

371 830 427 884 tus
446 803 602 883 ostendit.
620 809 728 880 Natus
748 807 794 880 ed
807 825 966 904 praterea
983 808 1082 882 natali
1093 809 1283 899 Antonini,
1298 813 1334 886 dt

349 913 412 992 ‘ea
433 918 533 1005 hora,
551 918 589 990 δι
604 915 704 1013 signis
726 939 835 1011 prope
852 914 1132 1006 concinentibus,
1149 917 1274 1013 quibus
1298 923 1333 992 δι

372 1026 572 1102 Antoninus
598 1023 697 1098 Pius:
719 1048 821 1119 quare
847 1025 1003 1100 dixerunt
1028 1026 1276 1117 mathematici,
1299 1029 1335 1100 bt

372 1137 588 1242 Imperatoris
601 1136 696 1210 illum
715 1134 822 1210 filiunt
836 1135 1010 1222 futurum,
1025 1139 1063 1210 δι
1079 1141 1334 1234 Imperatorem,

371 1250 430 1338 led
453 1274 524 1324 non
539 1249 619 1338 diu.
644 1247 733 1338 Die,
748 1274 813 1343 qua
835 1267 933 1321 natus
953 1249 1000 1322 est
1022 1249 1140 1348 (quod
1165 1247 1334 1323 Antonini
1416 1319 1417 1328 ,

372 1357 453 1431 edet
467 1355 609 1456 natalis)
624 1355 745 1430 nr'uliet
761 1357 912 1453 quaedam
933 1358 1125 1453 propinqua
1142 1357 1264 1432 dicitur
1280 1383 1334 1430 ex·
1415 1349 1417 1430 1ss

372 1469 546 1559 clamade,
560 1474 751 1542 Antoninus
770 1494 910 1556 nocetum
924 1471 978 1542 led
1001 1469 1189 1544 Macrinum
1209 1467 1334 1543 timuis·

374 1579 432 1668 se,
451 1577 545 1674 quod
567 1575 679 1650 nullus
701 1601 744 1648 ex
768 1575 840 1668 ejus
864 1601 984 1674 genere
1006 1579 1075 1650 hoc
1094 1570 1235 1650 nomine
1254 1601 1334 1650 cen·

374 1684 522 1775 seretur,
545 1683 799 1783 abstinuideque
820 1685 960 1760 nomine
978 1687 1220 1784 imperatorio,
1240 1686 1332 1763 simul

362 1798 473 1891 uuod
490 1795 558 1888 jam
586 1820 705 1872 rumor
725 1797 766 1868 de
788 1797 823 1867 vi
845 1799 938 1894 genit
980 1825 1008 1870 ae
1033 1796 1121 1870 illius
1148 1795 1334 1869 emanallet.

376 1908 460 1978 Haec
480 1922 581 2000 atque
600 1904 664 1976 alia
686 1905 802 1976 omina
823 1904 918 1979 suille
940 1823 1037 1979 iinln
1058 1906 1092 1978 in
1112 1906 1223 1982 literas
1247 1927 1334 1980 retu·

374 2019 505 2089 lerunt:
521 2013 577 2088 sed
592 2012 676 2086 illud
696 2017 884 2109 praecipue,
905 2017 999 2111 quod
1019 2041 1095 2089 cum
1113 2015 1148 2086 in
1169 2013 1268 2089 cunis
1288 2011 1334 2086 es·

376 2125 426 2199 set
438 2122 692 2218 Diadumenus,
708 2125 747 2196 δι
761 2123 836 2211 leo,
847 2126 952 2221 ruptis
970 2126 1135 2216 vinculis,
1146 2127 1188 2198 dt·
1201 2123 1335 2222 quidem

287 2296 294 2304 .
377 2230 487 2322 ferus,
507 2230 686 2327 effugiffet,
708 2247 810 2326 atque
833 2229 874 2300 ad
898 2229 1104 2304 incunabula
1126 2230 1198 2321 ejus
1225 2229 1337 2302 venis·

376 2337 445 2430 let,
468 2365 606 2436 puerum
627 2337 791 2426 delinxit,
808 2339 845 2411 dc
865 2337 1070 2413 inviolatum
1092 2340 1246 2435 reliquit;
1261 2365 1336 2413 cunt

334 2511 338 2522 .
377 2449 493 2524 nutrix
513 2449 544 2521 se
562 2447 601 2520 in
623 2448 758 2522 leonem
780 2446 930 2535 misiffet,
943 2468 1045 2546 atque
1060 2448 1131 2544 ejus
1152 2449 1267 2522 morsu
1289 2448 1338 2521 af·

378 2557 463 2632 feda
477 2555 637 2652 periillet,
650 2579 728 2652 quae
739 2553 808 2629 sola
818 2553 907 2629 forte
919 2557 955 2630 in
972 2559 1086 2630 areola
1100 2557 1239 2636 inventa
1252 2575 1338 2647 erat,

377 2669 413 2740 in
427 2692 493 2764 qua
507 2666 617 2738 infans
631 2664 770 2757 jacebat.

429 2778 488 2846 Vl.
504 2774 587 2845 Haec
602 2773 695 2859 sunt,
713 2797 789 2867 quae
808 2771 907 2869 digna
925 2795 1112 2850 memoratu
1134 2777 1170 2848 in
1192 2775 1339 2850 Antoni·

379 2907 428 2956 no
456 2881 675 2958 Diadumeno
701 2879 766 2992 elle
790 2881 984 2957 videantur:
1010 2885 1103 2978 cujus
1129 2886 1236 2958 vitam
1260 2886 1337 2979 jun·

379 2992 495 3066 xiffem
521 2991 624 3090 patris
643 2991 757 3098 gell'g,
780 2991 840 3064 nist
865 2994 1118 3068 Antoninorum
1141 3019 1270 3069 nomen
1287 3018 1338 3066 me

358 3103 422 3194 ¹ad
443 3089 605 3176 edendam
629 3103 766 3198 puerilis
788 3102 964 3200 specialem
989 3105 1233 3201 expofitionem
1259 3107 1339 3180 vitat

380 3209 549 3310 coegisset.
572 3213 612 3283 Et
632 3209 695 3286 fuit
713 3212 850 3308 quidem
866 3232 934 3284 tam
953 3214 1095 3288 amabile
1118 3214 1183 3292 illis
1201 3232 1340 3310 tempo·

316 3341 324 3360 r
379 3318 472 3390 ribus
483 3339 609 3388 nomen
621 3319 897 3404 Antoninorum,
911 3339 969 3405 ut,
983 3322 1041 3418 qui
1053 3346 1097 3394 eo
1112 3321 1250 3394 nomine
1267 3347 1339 3394 non
1366 3355 1370 3368 =
1419 3325 1420 3342 ¹

334 3507 338 3514 ,
379 3428 562 3514 niteretur,
589 3428 708 3500 mereri
731 3451 802 3500 non
834 3427 1006 3512 videretur
1030 3431 1218 3525 imperium.
1238 3433 1340 3504 Unde
1419 3453 1420 3480 l

379 3536 481 3608 etiam
501 3536 639 3633 quidam
659 3540 696 3612 δι
717 3539 897 3626 Severum,
918 3541 954 3620 dc
976 3540 1202 3628 Pertinacem,
1223 3542 1262 3616 &
1283 3544 1339 3614 lu·

379 3647 526 3736 lianum,
545 3648 811 3728 Antoninorum,
827 3650 1095 3743 praenominibus
1116 3653 1339 3725 honorandos

380 3772 518 3850 putant:
534 3754 624 3828 unde
635 3755 750 3852 postea
769 3756 855 3830 duos
864 3757 1087 3852 Gordianos,
1105 3777 1233 3856 patrem
1250 3763 1286 3834 δι
1299 3755 1339 3828 A·
