2856 4824
236 347 510 424 'nuroutuus
536 344 894 454 uantoctatnus.
980 375 1088 448 249,
1161 308 1166 324 ’

83 478 161 608 oua
174 509 294 584 Fabius
309 511 348 585 &
362 507 582 584 Corneliusa
596 505 865 602 patentibus‚ad
878 496 1053 606 corrigens
1080 563 1090 578 .
1184 603 1188 613 1

84 619 158 690 dos
181 641 313 707 mores,
334 615 559 718 adolescentes
581 616 618 688 in
642 615 817 712 publicum
843 615 947 691 essent
968 641 1053 713 pto·

84 723 192 798 duat
211 725 342 798 Omnes
365 726 407 800 de
427 725 543 814 circo,
561 724 602 798 de
623 723 779 816 theatro,
801 724 842 800 de
864 724 1052 816 stadim&

84 833 253 910 omnibus
277 835 389 928 locis,
410 839 449 912 &
462 835 620 927 balneis,
633 828 832 912 ‘meretrices
853 833 992 936 collegit
1015 836 1052 910 itt
1132 869 1135 876 ’

85 945 183 1018 aedes
196 944 348 1044 publicas
360 1001 373 1038 ,
385 949 424 1026 δι
437 948 526 1045 apud
538 969 593 1020 eas
606 945 813 1023 concionem
827 947 947 1022 habuit
960 945 1054 1044 quasi

83 1053 295 1147 utilitatem,¹
314 1056 430 1132 dicens
454 1079 510 1158 eas
527 1051 779 1130 ‘commonens
804 1055 1053 1156 disputavitque

67 1159 136 1237 ‘de
155 1163 333 1262 generibus
353 1166 560 1238 schematum
580 1169 617 1240 δι
641 1167 871 1265 voluptatum.
890 1153 1054 1240 Adhibuit

83 1272 127 1348 in
148 1273 207 1346 tali
222 1274 405 1348 concione
427 1273 540 1368 postea
561 1273 702 1348 lenones
724 1275 880 1349 exoletos
900 1274 1053 1372 undique
1192 1371 1194 1376 ,

82 1381 281 1473 collesios,
304 1385 342 1457 &
359 1381 637 1460 luxuriosissimos
654 1385 816 1483 puerulos
836 1387 876 1459 δι
898 1383 1054 1480 juvenes.

83 1493 152 1579 Et,
170 1513 248 1565 orm
260 1490 303 1566 ad
315 1492 507 1568 meretrices
521 1491 679 1568 muliebri
693 1513 816 1576 ornatu
828 1492 1053 1594 processisset,

84 1600 218 1698 papilla
238 1599 362 1694 ejesia,
378 1602 534 1678 exoletos
548 1604 666 1680 habitu
681 1629 886 1704 puerorum,
899 1603 958 1700 qui
973 1625 1055 1698 pto·

87 1711 301 1806 siituuntut,
318 1712 395 1810 post
411 1715 615 1797 concionem
629 1714 866 1814 pronuntiavit
878 1713 950 1804 his,
965 1711 1053 1811 quas

86 1821 280 1920 militibus.
303 1841 420 1900 ternos
440 1851 561 1912 aureos
585 1819 984 1924 donativumzpetiitque
1010 1823 1054 1897 ab

87 1931 167 2020 his,
182 1949 255 2004 uta
271 1929 353 2029 Diis
362 1950 536 2031 peterent,
550 1936 692 2018 utalios
709 1938 847 2011 haberet
866 1935 942 2033 ipsis
956 1958 1054 2010 com·

89 2040 315 2115 mendandos.
333 2043 511 2118 Iocabatur
531 2045 606 2118 sane
628 2045 676 2118 ita
692 2069 770 2118 cum
792 2043 916 2139 servis,
935 2063 972 2115 ut
993 2043 1054 2114 eos

88 2151 228 2246 juberet
238 2148 374 2226 millena
393 2155 513 2250 pondo
525 2154 584 2226 srbi
601 2166 791 2228 aranearum
807 2151 955 2242 deserte,
970 2177 1054 2246 pro·
1158 2177 1161 2186 ’

49 2311 53 2320 -
89 2261 208 2358 posito
223 2261 388 2357 ptaemi03
409 2261 645 2359 collegisseque
664 2260 786 2334 dicitur
807 2259 923 2334 decem
950 2260 1055 2332 millia

16 2371 19 2378 '
89 2371 216 2470 pondo
235 2395 449 2462 aranearum,
470 2372 659 2468 dicens,&
677 2369 1065 2467 hincintelligendnm,1‚

89 2509 195 2582 quam
215 2509 335 2583 magna
347 2483 427 2559 effen
440 2485 559 2563 Roma.
576 2481 731 2554 Mittebat
748 2470 895 2577 parasitis
910 2503 970 2574 per
985 2477 1055 2551 cel·
1075 2527 1079 2536 »

88 2595 199 2670 latios
220 2595 337 2668 salaria
362 2618 493 2684 annua,
513 2590 591 2665 vasa
618 2615 697 2664 cum
714 2589 810 2664 ‘tanis
826 2591 872 2663 δι
894 2588 1053 2690 scorpiis,
1114 2659 1115 2664 ,

88 2711 131 2791 ,δι
154 2725 232 2780 cum
252 2695 479 2802 serpentibus,
495 2706 534 2780 δι
550 2699 741 2797 hujusmodi
761 2699 928 2776 monstris.
949 2699 1055 2776 Clau·
1110 2687 1114 2701 x

90 2817 197 2890 debat
210 2815 244 2888 in
257 2813 463 2911 ejuscemodi
477 2813 563 2889 vasis
572 2809 743 2919 infinitum
758 2809 964 2903 muscarum,
976 2833 1054 2907 apes

91 2924 282 3003 mansuetas
295 2950 349 2999 eas
363 2925 545 3023 appellans.
734 2990 740 2998 .

140 3037 291 3132 xxvn,
301 3037 496 3134 Quadrigas
510 3031 719 3109 Circensium
734 3031 771 3106 in
788 3030 942 3107 tricliniis
961 3035 998 3106 δι
1017 3032 1053 3102 in

91 3141 285 3239 porticibus
301 3143 359 3221 srbi
376 3143 503 3238 semper
517 3134 671 3216 exhibuit
686 3139 870 3240 pransitans
887 3143 926 3216 δι
940 3139 1054 3237 coeni·

90 3248 1054 3350 tans,convivassenesagitatecogenssnonnullosbo·

92 3378 239 3430 notatos
256 3355 322 3451 jam
338 3357 548 3454 Imperatori.
563 3355 698 3451 jubebat
713 3355 773 3430 fibi
795 3359 832 3434 δι
847 3357 962 3432 decem
975 3355 1052 3426 mile

92 3463 136 3538 lia
161 3463 308 3538 murium
333 3466 512 3554 exhiberi,
534 3463 632 3540 mille
652 3463 827 3555 mustelas,
848 3463 939 3536 mille
969 3462 1052 3535 sori·

93 3597 163 3646 ces.
184 3573 378 3648 Dulciatios
401 3577 439 3653 δι
459 3575 613 3651 lactarios
633 3573 714 3650 tales
734 3573 876 3662 habuit„
888 3589 944 3659 ut,
957 3596 1055 3668 quae·

96 3705 232 3779 cunque
245 3684 402 3780 coqui-de
415 3684 555 3757 diversis
569 3684 724 3756 edulibus
732 3677 977 3766 exhibuissent,
996 3679 1053 3750 vel

94 3790 291 3883 strusiores,
307 3793 371 3872 vel,
385 3793 546 3890 pomarii,
564 3791 614 3866 illi
626 3791 741 3874 ¹modo
760 3788 954 3881 dedulciis,
974 3811 1052 3860 mo·
