2932 4824
295 360 561 460 ‘optutus
599 381 924 477 Micntuus
1034 409 1106 486 209

147 547 258 661 juffit,
274 551 410 648 quoties
429 549 554 622 diceret
572 555 794 622 Antoninum·
777 565 956 646 ,tuncque
973 549 1109 623 attentis
1187 591 1190 598 «

148 648 333 752 omnibus,
349 667 512 734 Antonini
535 685 661 734 nomen
685 665 821 764 Augusti
844 663 970 734 odavo
994 660 1111 734 edidit.
1188 654 1195 674 '

45 864 48 872 Ι
127 825 129 831 -
149 773 215 844 Sed
227 770 587 860 credentibuseuotlis,
600 773 695 867 quod
712 772 897 844 odoannis
915 769 1111 844 Antoninus
1197 793 1199 798 ·

150 880 252 952 Pius
243 892 463 977 imperaturus
475 879 553 952 ellet
565 933 577 968 ,
590 881 628 953 dt
648 880 705 952 ille
723 876 928 959 transcendit
944 880 1036 953 hunc
1050 903 1112 953 an·

152 1016 277 1093 ιιοιιιιιι
301 981 501 1080 numerum,
515 992 552 1067 δι
573 990 722 1065 conllitit
744 993 834 1086 apud
847 992 1040 1082 credentes,
1056 989 1115 1064 vel

130 1117 254 1228 nunc,
272 1102 343 1173 vel
349 1100 481 1224 postea,
496 1124 556 1194 per
575 1116 687 1170 vatem
701 1098 792 1170 aliud
808 1099 1025 1196 defignatum.
1038 1101 1117 1174 De·

151 1213 257 1313 nique
269 1211 496 1284 annumeratis
508 1207 685 1293 omnibus,
701 1228 774 1306 qut
752 1197 942 1294 Antonini
956 1213 1115 1310 appellati
1200 1199 1201 1208 ἵ

155 1321 282 1411 sunt,'
274 1346 301 1392 ts
321 1319 577 1390 Antoninorum
606 1333 762 1390 numerus
788 1319 975 1394 invenitur.
999 1321 1140 1398 Enimq.
1210 1371 1212 1375 -
1299 1311 1301 1316 ’
1382 1316 1387 1326 ’

155 1454 244 1504 vero
257 1431 335 1501 Pius
346 1428 491 1524 primus,
508 1431 644 1500 Marcus
662 1427 839 1517 secundus,
854 1429 963 1500 Verus
978 1431 1118 1527 tertius,

156 1541 371 1614 Commodus
400 1557 562 1636 quartus,
588 1537 724 1634 quintus
759 1539 978 1629 Caracallus,
1007 1541 1118 1614 sextus

158 1653 271 1734 Geta,
297 1649 454 1744 septimus
480 1647 733 1735 Diadumenus,
753 1648 894 1721 odavus
913 1649 1121 1747 Heliogaba·

158 1757 231 1847 lus,
247 1757 414 1833 Antonini
426 1757 527 1829 fuere.
541 1757 616 1832 Nec
629 1757 716 1829 inter
735 1757 931 1831 Antoninos
952 1756 1122 1833 referendi

159 1869 236 1945 sunt
256 1869 325 1939 duo
343 1867 526 1956 Gordiani,
542 1866 602 1964 qui
616 1887 673 1940 aut
685 1891 884 1962 prenomen
902 1887 1032 1942 tantum
1048 1879 1120 1942 An-

152 1977 360 2086 ¹turrinorum
375 1977 581 2077 habuerunt,
594 1995 652 2048 aut
667 1975 763 2048 etiam
778 1977 921 2049 Antonii
935 1978 1014 2050 dini
1029 1978 1121 2068 sunt,

159 2113 235 2162 non
256 2058 435 2160 Antonini.
454 2087 533 2157 lnde
552 2083 599 2156 est
612 2086 735 2180 ,quod
757 2083 839 2156 se&
858 2086 999 2158 Severus
1012 2093 1121 2160 Anto
1180 2087 1181 2091 ’
1301 2128 1304 2137 2

162 2200 274 2269 ninum
289 2191 449 2279 vocavit,
462 2193 500 2265 δι
517 2190 655 2284 plurimi
672 2189 825 2280 luerunt,
840 2193 878 2264 δί
897 2191 1067 2282 Pertinax,
1080 2199 1121 2270 δι

164 2275 332 2390 Julianus,
348 2299 493 2374 &idem
514 2297 696 2371 Macrinus.
708 2299 749 2368 Et
770 2299 901 2395 abipfis
916 2301 1123 2395 Antoninis,
1242 2385 1245 2392 f

165 2409 225 2507 qui
246 2407 321 2480 ueri
340 2403 541 2480 succeffores
554 2405 722 2476 Antonini
741 2403 897 2490 fuerunt,
912 2406 980 2480 hoc
994 2432 1124 2484 nomen

165 2519 291 2617 magis,
304 2541 405 2615 quant
420 2515 614 2612 proprium,
626 2533 792 2592 retentum
812 2517 869 2588 est.
881 2519 963 2590 Haec
976 2519 1044 2592 alii.
1060 2524 1126 2595 Sed

155 2629 224 2708 ulii
236 2628 367 2700 idcirco
380 2629 582 2696 Antoninum
599 2624 849 2696 Diadumenum
864 2649 882 2696 a
896 2625 1051 2700 Macrino
1066 2653 1129 2726 pa«)

168 2756 220 2808 tre
240 2732 443 2829 appellatum
458 2730 590 2820 ferunt,
606 2752 642 2802 ut
657 2730 800 2824 suspicio
815 2757 843 2804 a*
854 2735 1011 2808 Macrino
1025 2736 1130 2812 inter·

169 2842 247 2919 sedi
279 2839 448 2916 Antonini
480 2839 620 2918 Baliiani
648 2843 812 2914 militibus
844 2845 1031 2920 tolleretur.
1059 2852 1129 2925 Alii

171 2978 258 3032 vero
287 2969 417 3026 tantum
441 2951 639 3024 desiderium
662 2952 811 3025 nominis
839 2953 936 3050 hujus
956 2955 1053 3030 suilie
1075 2961 1130 3030 di·
1195 3031 1197 3038 ,

136 3131 138 3134 ,
172 3085 273 3147 cunt,
291 3085 346 3150 ut,
368 3063 428 3134 nili
449 3063 594 3156 populus
617 3065 653 3136 δι
675 3063 977 3138 militesAntonini
1001 3093 1130 3146 nomen

172 3175 349 3258 audirent,
369 3169 546 3265 imperium
571 3193 640 3242 non
666 3191 832 3264 putarent.
1204 3251 1209 3268 ¹

216 3265 281 3356 AV.
303 3284 345 3352 Et
363 3280 405 3355 de
426 3281 583 3353 Macrino
605 3281 740 3377 quidem
767 3280 799 3352 in
818 3283 974 3355 Senatua
994 3287 1134 3382 multis,¹

142 3445 143 3448 ,
175 3390 313 3512 quando
341 3390 531 3465 nuntiatum
554 3389 600 3462 est
625 3389 763 3462 Varium
786 3390 1039 3488 Heliogabalum
1063 3397 1134 3466 lm·

176 3499 389 3597 peiatoretn,
402 3524 478 3572 cum
492 3499 557 3591 jam
575 3499 741 3572 Caesarem
756 3501 978 3600 Alexandrum
995 3489 1136 3578 Senatus
1173 3526 1176 3534 ·

178 3603 328 3692 distillet,
345 3630 384 3676 ea
395 3605 480 3676 diua
493 3601 587 3685 lunt,
600 3626 637 3676 ut
654 3602 828 3700 appareat,
844 3605 1048 3710 ignobilem,
1066 3605 1136 3679 sor·

180 3715 294 3788 didum
307 3711 486 3833 ,spurcum
507 3709 611 3782 fuisse.
630 3713 743 3782 Verba
764 3712 910 3808 denique
930 3713 1057 3784 Aurelii
1079 3715 1143 3787 Vi-

180 3821 312 3909 noris,
344 3820 398 3892 cui
427 3819 526 3892 Pinio
549 3841 743 3916 cognomen
770 3838 863 3912 erat,
884 3821 958 3892 hec
982 3817 1154 3901 fuerumt.

215 4007 216 4010 ,
243 3933 372 4027 Scripta.
394 3931 444 4004 H.
465 3935 512 4004 A.
897 3929 932 4000 Ο
