2932 4824
493 57 509 102 t

268 411 272 419 ,
403 287 988 406 ειουιύεΑιΒιΝυε.
1079 331 1170 436 ,κει
1252 344 1255 348 ·

208 487 334 564 ίάἰεῐιυς
355 487 441 580 suit,
454 489 550 586 quod
563 488 605 562 ad
621 487 805 562 exercitum
820 446 1014 563 sellinanter
1026 488 1175 564 mittere·

215 618 281 684 tur.
304 600 441 676 Deinde
459 603 639 674 Praeturnnt
651 601 720 698 egit
735 600 797 672 sub
812 600 1013 674 Commodo
1029 599 1177 674 famosis·

213 711 340 786 simam.
360 711 446 782 Nam
460 709 605 806 ejusdem
623 710 710 782 ludis
729 711 944 786 Commodus
965 713 1003 786 δι
1021 711 1056 784 in
1075 713 1175 804 soro,

214 822 253 894 δι
271 819 306 892 in
327 819 458 892 theatro
475 841 606 916 pugnas
624 818 810 894 exhibuisse
829 819 1032 915 perhibetur.
1046 820 1175 893 Consul
1230 877 1234 882 .

213 951 233 1000 a
248 929 381 1002 Severo
395 925 589 1003 declaratus·
602 927 648 1000 est
667 952 711 1001 eo
731 945 907 1023 tempore,
923 953 995 1027 quo
1014 929 1175 1002 Albinum

213 1035 372 1114 fibicum
395 1035 581 1112 Pescennio
600 1038 775 1133 paraverat
795 1036 985 1136 subrogare.

262 1150 335 1220 Vll
358 1148 411 1220 Ad
430 1146 609 1242 imperium
634 1145 730 1220 venit
747 1163 828 1221 natu
848 1145 912 1240 iarn
936 1147 1115 1244 grandior,
1136 1147 1175 1223 bt

211 1251 323 1350 major
337 1253 523 1328 Pescennio
539 1254 670 1349 Nigro,
688 1271 727 1326 ut
745 1255 889 1328 Severus
902 1255 970 1351 ipse
983 1254 1017 1327 in
1036 1257 1106 1332 vita
1119 1256 1175 1330 sue

213 1362 360 1436 testatur.
380 1362 556 1434 Seduisio
578 1360 782 1450 Pescennio,
803 1377 880 1438 curn
896 1361 1020 1438 &filiis
1033 1365 1098 1436 suis
1111 1365 1174 1437 im-

215 1471 345 1569 perium
373 1470 504 1547 servare
534 1491 701 1568 cuperet,
725 1477 764 1548 be
792 1472 1006 1546 voluntatem
1034 1475 1174 1548 Senatus
1214 1486 1216 1492 ’

66 1589 101 1690 Ἰ
213 1577 379 1676 majorem
406 1582 495 1666 circa
522 1584 684 1658 Clodium
712 1583 874 1660 Albinum
897 1583 1050 1673 videret,
1079 1587 1174 1681 quod

212 1693 292 1764 esset
314 1693 368 1767 vir
381 1693 528 1790 antique
541 1692 695 1782 familiae,
708 1693 820 1769 literas
835 1694 877 1766 ad
897 1718 973 1766 curn
990 1717 1049 1789 per
1065 1693 1173 1793 quos·

214 1801 287 1874 dam
318 1800 438 1892 summi
461 1801 605 1875 honoris
628 1825 668 1875 ac
690 1801 825 1876 sumntte
844 1800 1032 1878 affectionis
1056 1803 1171 1896 milit,

213 1913 338 2010 quibus
364 1915 589 2002 hortabatur,
609 1935 666 2004 ut,
679 1913 842 2010 quoniam
861 1914 992 1990 occisus
1013 1914 1092 1989 esset
1110 1917 1170 1989 Pe·
1241 1907 1246 1923 ⁸
1307 1947 1309 1953 ·

212 2021 366 2096 stennius
385 2021 509 2118 Niger,
528 2021 597 2118 ipse
610 2047 685 2096 cum
705 2031 749 2094 eb
768 2021 912 2095 fideliter
928 2024 1171 2118 rempublicam

211 2150 352 2229 regeret.
365 2132 521 2223 Quarum
534 2130 726 2225 exemplum
740 2130 809 2202 hoc
827 2129 890 2200 esse
910 2132 1046 2204 Cordus
1054 2131 1171 2206 osten·

208 2241 285 2314 dit:
305 2245 475 2333 imperator
491 2243 621 2310 Severus
643 2237 802 2336 Augustus
830 2240 939 2314 Clodio
963 2242 1086 2310 Albino
1106 2244 1171 2312 Ca·

204 2353 294 2448 sari,
299 2350 399 2441 fratri
415 2346 621 2445 cntantfflrno
637 2344 1089 2444 &defideratiffimmsalutcm
1108 2351 1170 2419 Vi·
1213 2383 1217 2390 ·
1250 2370 1253 2380 ·

212 2461 259 2530 c'lo
279 2461 448 2553 Pescennio
460 2509 473 2545 ,
493 2461 598 2529 literas
618 2460 755 2552 Romam
769 2458 930 2544 dedimus,
944 2482 1021 2548 quas
1034 2461 1061 2528 S
1061 2477 1170 2529 enatus

210 2569 258 2636 ttri
275 2565 501 2659 amantiffimus
516 2567 642 2636 libenter
652 2563 778 2654 accepit.
802 2563 845 2630 Te
858 2561 957 2652 queso
967 2585 1028 2649 ,ut
1045 2589 1080 2634 eo
1094 2567 1169 2634 ani·

211 2701 263 2743 mo
288 2661 504 2764 rempublicam
526 2695 613 2764 regas
628 2706 644 2755 ,‘
660 2668 923 2762 quossdilcfiusoes
938 2668 1043 2758 frater
1068 2674 1169 2746 eninti

210 2785 272 2852 mei
280 2781 400 2882 ,frater
410 2782 543 2874 imperii.
557 2778 725 2876 Effectus
738 2775 772 2852 δ’
786 2779 868 2850 Geta
875 2804 902 2850 te
908 2781 1066 2872 sttbctant.
1080 2786 1168 2856 Julie
1184 2773 1187 2780 ‚

209 2893 314 2993 nostre
329 2887 363 2964 6·
381 2916 427 2977 te,
441 2888 475 2964 Cr
484 2893 620 2984 sororem
632 2893 767 2984 saltitat.
780 2889 946 2982 infantula
963 2915 1018 2974 ttco
1036 2893 1167 2984 Pescen·
1204 2951 1207 2956 .

209 3006 266 3072 nio
287 2987 401 3074 Princo
423 2997 550 3070 munera
572 3003 670 3096 digna
684 3001 749 3091 suo
778 3005 846 3088 boto
864 3023 980 3093 tuoque
1001 3004 1169 3073 mittemus.
1199 3085 1204 3092 A
1250 3068 1254 3082 ,

213 3115 264 3182 Τιι
295 3113 386 3182 velim
410 3111 558 3180 exercitus
582 3111 751 3202 reipublice
780 3134 818 3178 cc
844 3109 934 3188 nobis
957 3133 1105 3200 retentes,
1124 3111 1170 3180 mi
1203 3200 1208 3210 s

211 3224 379 3307 unanime,
391 3224 437 3292 mi
454 3217 618 3314 carifflme,
632 3220 678 3289 mi
689 3215 905 3312 amaretiffime.

261 3331 350 3401 Vlll.
380 3329 422 3400 Et
450 3327 510 3398 has
531 3324 672 3422 ¹quidem
698 3325 808 3398 literas
831 3325 933 3401 missis
952 3325 1169 3424 stipatoribus

211 3435 403 3512 fidelissimis
419 3435 509 3510 dedit
520 3434 665 3532 ,quibus
674 3435 833 3531 precepit
844 3489 854 3524 ,
866 3456 903 3508 ut
917 3436 1088 3532 epistolam
1101 3445 1167 3532 pu'·
1257 3457 1259 3463 ⁴

210 3544 298 3618 blico
324 3546 466 3633 darent,
486 3543 600 3640 postea
625 3567 711 3618 vero
734 3543 909 3632 dicerent,
928 3544 960 3620 se
985 3540 1076 3617 velle
1093 3544 1167 3640 ple·

211 3677 315 3750 taque
333 3653 469 3728 occulte
480 3651 652 3750 suggerere
663 3706 674 3739 ,
687 3679 764 3750 quae
782 3654 893 3726 adres
909 3653 1044 3727 bellicas
1061 3657 1166 3750 perti·
1278 3733 1280 3736 ,

211 3780 353 3854 nerent,
369 3764 408 3838 &
424 3759 467 3834 ad
487 3758 611 3836 secreta
629 3760 940 3940 castro'runt‘atque
964 3759 1110 3836 aulicam
1131 3759 1169 3840 fi·

963 3895 983 3967 l
