2884 4828
185 339 513 428 couuoous
540 315 880 432 nuiouruus.
978 355 1044 460 109·

80 513 216 612 quidem
233 533 408 612 tempore,
424 516 552 618 quoad
574 516 722 588 senatum
745 519 861 590 retulit
883 517 923 591 de
937 519 1047 594 Com·
1082 597 1086 610 ,

81 625 236 700 modiana
259 625 410 700 iacienda
436 629 543 699 Roma
553 679 569 714 ,.
582 649 653 698 non
678 625 786 699 solum
814 629 954 702 Senatus
980 632 1048 706 hoo

82 735 223 807 libenter
240 737 371 831 accepit
388 761 447 834 per
469 737 657 809 irrisionem
682 734 864 834 (quantum
887 733 1050 838 intelligi-J

11 857 12 860 ’
82 844 184 944 tut‚)
204 845 259 919 sed
284 847 384 920 etiam
403 847 447 919 se
470 846 858 944 ipsum'Comrnodianum
886 843 1049 941 vocavit‚'

83 955 312 1030 Commodum
329 959 495 1029 Herculem
511 958 549 1029 δι
564 961 673 1029 Deum
691 955 877 1054 appellans.

128 1067 189 1139 lX.
204 1065 406 1156 Simulavit,
426 1067 457 1140 se
474 1069 512 1142 δι
525 1066 559 1138 in
575 1066 723 1140 Africam
738 1068 885 1158 iturum,
904 1087 941 1142 ut
957 1069 1048 1143 sum·

82 1191 149 1248 tum
160 1175 370 1251 itinerarium
383 1177 531 1274 exigeret
542 1201 553 1248 r
565 1179 602 1250 &
616 1175 743 1273 exegit,
755 1172 947 1278 eumque‘in
962 1171 1051 1253 con-⁵

84 1285 173 1359 vivia
197 1289 235 1360 δι
256 1288 363 1361 aleam
383 1286 578 1378 'cohvertit
600 1287 831 1377 Motilenum,
851 1289 1050 1384 praseslum·

84 1397 267 1492 pretorio,
281 1423 342 1495 per
361 1396 449 1473 ficus
469 1405 606 1471 veneno
626 1396 808 1494 interemit.
826 1399 967 1496 Accepit
984 1401 1048 1472 lia·

11 1597 12 1602 ¹
83 1529 152 1580 tuas
178 1507 215 1580 in
240 1509 397 1584 Herculis
419 1508 556 1595 habiru3
580 1506 684 1604 eique·
706 1502 920 1581 immolatum
941 1507 987 1583 eli
1012 1517 1051 1583 ut'

85 1616 172 1690 Deo.
186 1619 320 1693 Multos
339 1635 498 1716 practerea
522 1635 700 1714 paraverat
721 1615 933 1700 interimere:
948 1621 1045 1716 quod
1061 1607 1073 1672 ,⁴

35 1791 37 1800 ,
86 1727 332 1822 perparvulum
353 1729 521 1825 quendam
545 1726 719 1824 proditum
735 1725 802 1816 est,
818 1727 879 1824 qui
899 1729 1045 1802 tabulam

86 1835 279 1908 ecubiculo
299 1834 422 1927 ejecit,
444 1835 480 1908 in
501 1845 567 1932 qua
588 1834 856 1909 occidendorum
871 1855 965 1910 erant
981 1865 1046 1911 no·

87 1939 171 2015 mina
191 1943 325 2041 scripta
344 1946 444 2018 Sacra
470 1943 561 2016 slidis
583 1943 712 2030 coluit,
727 1945 816 2017 ut&
836 1964 939 2042 caput
954 1945 1048 2018 rade·

89 2067 149 2138 ret,
167 2054 205 2126 δι
228 2053 368 2126 Anubin
396 2069 557 2150 portaret.
586 2052 737 2124 Bellonae
759 2052 941 2127 servientes
966 2071 1071 2128 vere*

87 2157 234 2238 exsecare
268 2161 439 2236 brachium
471 2160 658 2258 precepit,
687 2157 798 2232 studio
830 2161 1047 2248 crudelitatis.

88 2270 199 2350 liacos
219 2299 303 2349 vere
323 2275 432 2373 pincis
451 2271 555 2372 usque
570 2273 613 2346 ad
632 2271 817 2370 perniciem
834 2275 951 2376 'pedus
970 2292 1047 2348 tun·

91 2379 160 2456 dere
176 2386 331 2485 cogebat.
346 2385 435 2458 Cum
458 2383 595 2458 Anubin
613 2401 786 2482 portaret,
800 2383 910 2480 capita
924 2384 1046 2457 lsraco·
1107 2392 1112 2401 '

90 2511 156 2562 rum
178 2494 330 2590 graviter
349 2495 560 2567 obtundebat
578 2518 639 2567 ore
656 2491 834 2566 simulacri.
850 2494 958 2564 Clava
976 2497 1050 2563 non'
1114 2550 1118 2562 ,
1178 2586 1180 2594 Α

91 2595 188 2676 solum
209 2606 328 2683 leones
352 2605 388 2676 in
413 2605 503 2676 velle
534 2603 689 2676 muliebri
718 2607 755 2676 δι
780 2602 868 2700 pelle
889 2602 1049 2694 leonina,

91 2707 249 2788 sedetiam
268 2716 394 2788 multos
406 2713 563 2786 homines
579 2713 707 2787 afflixit.
727 2711 867 2788 Debiles
885 2713 1047 2809 pedibus,

92 2818 193 2896 &eos
207 2880 217 2912 ,
229 2824 291 2923 qui
304 2821 474 2896 ambulare
488 2845 558 2893 non
574 2821 726 2918 pollent,
736 2821 771 2894 in
785 2821 958 2922 gigantum
973 2827 1050 2893 mo?

92 2924 162 3000 dum
175 2931 361 3022 formavit,
377 2931 421 3004 ita
435 2953 472 3004 ut
492 2953 512 3002 a
531 2930 672 3028 genibus
691 2930 731 3002 de
745 2929 865 3026 pannis
885 2931 922 3002 &
937 2929 1049 3002 linteis

92 3042 173 3131 quast
184 3045 349 3120 dracones
362 3044 586 3140 dirigerentur
596 3067 607 3128 ;
618 3041 819 3139 eosdemque
834 3040 955 3138 sagittis
970 3067 1052 3117 con·¹

92 3144 171 3223 fecit.
187 3157 284 3230 Sacra
305 3153 485 3228 Mithriaca
502 3153 691 3228 homicidio
710 3169 797 3226 vero
814 3153 954 3248 polluit,
972 3179 1048 3226 cum

92 3253 155 3332 illic
171 3265 297 3365 aliquid
318 3267 360 3339 ad
383 3263 527 3362 speciem
555 3261 688 3336 timoris
710 3263 768 3337 vel
794 3261 861 3338 dici
886 3262 941 3338 vel
964 3259 1049 3360 fingi

33 3425 37 3448 ‚
94 3363 198 3444 soleat.
289 3380 304 3412 l
745 3365 764 3420 ἶ
920 3383 970 3457 ,⁵

120 3479 177 3550 'lb
190 3482 298 3557 Etiam
313 3484 444 3581 puer&
457 3479 595 3580 gulosus
609 3481 647 3554 dc
663 3477 853 3577 impudicus
862 3477 940 3582 ¹fnit.
957 3470 1050 3576 Ado-J
1159 3539 1162 3548 .

93 3575 212 3664 lescens
228 3617 332 3680 omne
344 3616 448 3690 genus
462 3583 641 3663 infamavit
658 3589 959 3684 hominum,quod
975 3603 1046 3658 erat

94 3684 216 3786 secum,
236 3705 275 3778 δι
294 3701 338 3774 ab
356 3703 515 3774 omnibus
536 3699 583 3773 est
604 3699 794 3772 infamatus.
820 3697 995 3773 irridentes
1015 3693 1048 3766 se

95 3793 166 3875 seris
179 3808 372 3906 objiciebat.
388 3833 467 3890 eum
484 3809 584 3885 etiam
593 3861 605 3903 ‚
616 3808 677 3909 qui
693 3804 883 3906 Tranquilli
899 3803 1044 3891 librum,
