<?xml version="1.0" encoding="UTF-8"?>
<!DOCTYPE html PUBLIC "-//W3C//DTD XHTML 1.0 Transitional//EN"
    "http://www.w3.org/TR/xhtml1/DTD/xhtml1-transitional.dtd">
<html xmlns="http://www.w3.org/1999/xhtml" xml:lang="en" lang="en">
 <head>
  <title>
</title>
<meta http-equiv="Content-Type" content="text/html;charset=utf-8" />
  <meta name='ocr-system' content='tesseract 3.04.00' />
  <meta name='ocr-capabilities' content='ocr_page ocr_carea ocr_par ocr_line ocrx_word'/>
</head>
<body>
  <div class='ocr_page' id='page_1' title='image "./historiaugustsc00bipogoog_0096.png"; bbox 0 0 2884 4828; ppageno 0'>
   <div class='ocr_carea' id='block_1_1' title="bbox 724 124 820 222">
    <p class='ocr_par' dir='ltr' id='par_1_1' title="bbox 724 124 820 222">
     <span class='ocr_line' id='line_1_1' title="bbox 724 124 820 222; baseline -0.052 -83"><span class='ocrx_word' id='word_1_1' title='bbox 724 124 820 222; x_wconf 32' lang='grc' dir='ltr'>ΓΜ</span> 
     </span>
    </p>
   </div>
   <div class='ocr_carea' id='block_1_2' title="bbox 312 354 1102 474">
    <p class='ocr_par' dir='ltr' id='par_1_2' title="bbox 312 354 1102 474">
     <span class='ocr_line' id='line_1_2' title="bbox 312 354 1102 474; baseline -0.02 -27"><span class='ocrx_word' id='word_1_2' title='bbox 312 367 384 474; x_wconf 73' lang='lat'>,5⁴</span> <span class='ocrx_word' id='word_1_3' title='bbox 538 354 695 430; x_wconf 78' lang='grc' dir='ltr'>ιυιιι</span> <span class='ocrx_word' id='word_1_4' title='bbox 732 355 1102 431; x_wconf 77' lang='grc' dir='ltr'>ειιιτοιιιιι</span> 
     </span>
    </p>
   </div>
   <div class='ocr_carea' id='block_1_3' title="bbox 188 513 1300 730">
    <p class='ocr_par' dir='ltr' id='par_1_3' title="bbox 188 513 1300 730">
     <span class='ocr_line' id='line_1_3' title="bbox 193 513 1299 613; baseline 0.003 -22"><span class='ocrx_word' id='word_1_5' title='bbox 193 527 198 601; x_wconf 57' lang='lat'>,¹</span> <span class='ocrx_word' id='word_1_6' title='bbox 299 553 302 562; x_wconf 50' lang='lat'><strong><em>⁴</em></strong></span> <span class='ocrx_word' id='word_1_7' title='bbox 334 515 371 592; x_wconf 87' lang='lat' dir='ltr'>ni</span> <span class='ocrx_word' id='word_1_8' title='bbox 386 513 492 588; x_wconf 83' lang='lat' dir='ltr'>statim</span> <span class='ocrx_word' id='word_1_9' title='bbox 507 515 583 590; x_wconf 87' lang='lat' dir='ltr'>Pius</span> <span class='ocrx_word' id='word_1_10' title='bbox 603 539 662 613; x_wconf 88' lang='lat' dir='ltr'>per</span> <span class='ocrx_word' id='word_1_11' title='bbox 677 539 821 592; x_wconf 85' lang='lat' dir='ltr'>uxorem</span> <span class='ocrx_word' id='word_1_12' title='bbox 844 516 932 592; x_wconf 85' lang='lat' dir='ltr'>suam</span> <span class='ocrx_word' id='word_1_13' title='bbox 948 521 1101 592; x_wconf 88' lang='lat' dir='ltr'>Marcum</span> <span class='ocrx_word' id='word_1_14' title='bbox 1116 517 1299 594; x_wconf 78' lang='lat' dir='ltr'>sciscitatus</span> 
     </span>
     <span class='ocr_line' id='line_1_4' title="bbox 188 627 1300 730; baseline 0.004 -31"><span class='ocrx_word' id='word_1_15' title='bbox 188 650 190 664; x_wconf 75' lang='lat'><strong><em>¹</em></strong></span> <span class='ocrx_word' id='word_1_16' title='bbox 335 627 402 700; x_wconf 87' lang='lat' dir='ltr'>esl:</span> <span class='ocrx_word' id='word_1_17' title='bbox 417 629 455 701; x_wconf 79' lang='grc' dir='ltr'>δι</span> <span class='ocrx_word' id='word_1_18' title='bbox 479 653 554 704; x_wconf 91' lang='lat' dir='ltr'>cum</span> <span class='ocrx_word' id='word_1_19' title='bbox 579 629 744 704; x_wconf 83' lang='lat' dir='ltr'>dissolutis</span> <span class='ocrx_word' id='word_1_20' title='bbox 763 627 991 726; x_wconf 82' lang='lat' dir='ltr'>sponsalibus,</span> <span class='ocrx_word' id='word_1_21' title='bbox 1009 657 1087 730; x_wconf 76' lang='lat' dir='ltr'>quae</span> <span class='ocrx_word' id='word_1_22' title='bbox 1106 657 1182 706; x_wconf 87' lang='lat' dir='ltr'>cum</span> <span class='ocrx_word' id='word_1_23' title='bbox 1199 630 1300 706; x_wconf 91' lang='lat' dir='ltr'>Lucii</span> 
     </span>
    </p>
   </div>
   <div class='ocr_carea' id='block_1_4' title="bbox 256 735 1335 1386">
    <p class='ocr_par' dir='ltr' id='par_1_4' title="bbox 256 735 1335 1386">
     <span class='ocr_line' id='line_1_5' title="bbox 256 735 1303 839; baseline 0.006 -31"><span class='ocrx_word' id='word_1_24' title='bbox 256 785 264 793; x_wconf 82' lang='lat'><em>.</em></span> <span class='ocrx_word' id='word_1_25' title='bbox 335 735 472 831; x_wconf 88' lang='lat' dir='ltr'>Cejonii</span> <span class='ocrx_word' id='word_1_26' title='bbox 501 737 688 810; x_wconf 85' lang='lat' dir='ltr'>Commodi</span> <span class='ocrx_word' id='word_1_27' title='bbox 708 735 778 809; x_wconf 88' lang='lat' dir='ltr'>filia</span> <span class='ocrx_word' id='word_1_28' title='bbox 802 737 1007 834; x_wconf 82' lang='lat' dir='ltr'>desponderi</span> <span class='ocrx_word' id='word_1_29' title='bbox 1032 741 1212 839; x_wconf 86' lang='lat' dir='ltr'>voluerat,</span> <span class='ocrx_word' id='word_1_30' title='bbox 1233 740 1303 814; x_wconf 90' lang='lat' dir='ltr'>im·</span> 
     </span>
     <span class='ocr_line' id='line_1_6' title="bbox 336 845 1301 950; baseline 0.008 -34"><span class='ocrx_word' id='word_1_31' title='bbox 336 870 397 942; x_wconf 92' lang='lat' dir='ltr'>par</span> <span class='ocrx_word' id='word_1_32' title='bbox 415 848 523 920; x_wconf 84' lang='lat' dir='ltr'>adhuc</span> <span class='ocrx_word' id='word_1_33' title='bbox 539 845 628 920; x_wconf 84' lang='lat' dir='ltr'>aetati</span> <span class='ocrx_word' id='word_1_34' title='bbox 648 846 747 934; x_wconf 88' lang='lat' dir='ltr'>esset;</span> <span class='ocrx_word' id='word_1_35' title='bbox 761 849 873 945; x_wconf 88' lang='lat' dir='ltr'>habita</span> <span class='ocrx_word' id='word_1_36' title='bbox 889 850 1153 942; x_wconf 80' lang='lat' dir='ltr'>deliberatione,</span> <span class='ocrx_word' id='word_1_37' title='bbox 1170 857 1301 950; x_wconf 73' lang='lat' dir='ltr'>cogitare</span> 
     </span>
     <span class='ocr_line' id='line_1_7' title="bbox 335 951 1303 1051; baseline 0.005 -24"><span class='ocrx_word' id='word_1_38' title='bbox 335 961 412 1028; x_wconf 71' lang='lat' dir='ltr'>velle</span> <span class='ocrx_word' id='word_1_39' title='bbox 411 955 450 1046; x_wconf 82' lang='lat' dir='ltr'>se</span> <span class='ocrx_word' id='word_1_40' title='bbox 458 951 553 1026; x_wconf 81' lang='lat' dir='ltr'>dixit.</span> <span class='ocrx_word' id='word_1_41' title='bbox 563 951 623 1026; x_wconf 84' lang='lat' dir='ltr'>His</span> <span class='ocrx_word' id='word_1_42' title='bbox 637 951 682 1026; x_wconf 91' lang='lat' dir='ltr'>ita</span> <span class='ocrx_word' id='word_1_43' title='bbox 694 955 1145 1051; x_wconf 73' lang='lat' dir='ltr'>gellis,adhucQuaeslotem</span> <span class='ocrx_word' id='word_1_44' title='bbox 1157 961 1195 1032; x_wconf 77' lang='grc' dir='ltr'>δι</span> <span class='ocrx_word' id='word_1_45' title='bbox 1204 962 1303 1032; x_wconf 88' lang='lat' dir='ltr'>Con·</span> 
     </span>
     <span class='ocr_line' id='line_1_8' title="bbox 337 1063 1303 1167; baseline 0.003 -28"><span class='ocrx_word' id='word_1_46' title='bbox 337 1064 441 1139; x_wconf 89' lang='lat' dir='ltr'>sulem</span> <span class='ocrx_word' id='word_1_47' title='bbox 465 1063 575 1138; x_wconf 91' lang='lat' dir='ltr'>secum</span> <span class='ocrx_word' id='word_1_48' title='bbox 597 1063 676 1140; x_wconf 86' lang='lat' dir='ltr'>Pius</span> <span class='ocrx_word' id='word_1_49' title='bbox 696 1069 851 1142; x_wconf 89' lang='lat' dir='ltr'>Marcum</span> <span class='ocrx_word' id='word_1_50' title='bbox 875 1067 1078 1167; x_wconf 77' lang='lat' dir='ltr'>designavit,</span> <span class='ocrx_word' id='word_1_51' title='bbox 1105 1072 1144 1143; x_wconf 79' lang='grc' dir='ltr'>δι</span> <span class='ocrx_word' id='word_1_52' title='bbox 1159 1071 1303 1147; x_wconf 74' lang='lat' dir='ltr'>Caesaris</span> 
     </span>
     <span class='ocr_line' id='line_1_9' title="bbox 337 1175 1303 1274; baseline 0.002 -25"><span class='ocrx_word' id='word_1_53' title='bbox 337 1175 564 1272; x_wconf 76' lang='lat' dir='ltr'>appellatione</span> <span class='ocrx_word' id='word_1_54' title='bbox 584 1177 747 1252; x_wconf 86' lang='lat' dir='ltr'>donavit:</span> <span class='ocrx_word' id='word_1_55' title='bbox 768 1181 805 1253; x_wconf 74' lang='grc' dir='ltr'>δι</span> <span class='ocrx_word' id='word_1_56' title='bbox 826 1179 981 1253; x_wconf 86' lang='lat' dir='ltr'>Sevirum</span> <span class='ocrx_word' id='word_1_57' title='bbox 1000 1179 1120 1252; x_wconf 86' lang='lat' dir='ltr'>turmis</span> <span class='ocrx_word' id='word_1_58' title='bbox 1140 1179 1303 1274; x_wconf 83' lang='lat' dir='ltr'>Equitum</span> 
     </span>
     <span class='ocr_line' id='line_1_10' title="bbox 339 1285 1335 1386; baseline 0.001 -29"><span class='ocrx_word' id='word_1_59' title='bbox 339 1286 601 1376; x_wconf 86' lang='lat' dir='ltr'>Romanorum,</span> <span class='ocrx_word' id='word_1_60' title='bbox 624 1285 689 1380; x_wconf 86' lang='lat' dir='ltr'>jarn</span> <span class='ocrx_word' id='word_1_61' title='bbox 717 1285 901 1379; x_wconf 85' lang='lat' dir='ltr'>Cpnsulem</span> <span class='ocrx_word' id='word_1_62' title='bbox 928 1287 1130 1386; x_wconf 82' lang='lat' dir='ltr'>defignatum</span> <span class='ocrx_word' id='word_1_63' title='bbox 1154 1287 1303 1362; x_wconf 85' lang='lat' dir='ltr'>crearit:</span> <span class='ocrx_word' id='word_1_64' title='bbox 1332 1315 1335 1322; x_wconf 54' lang='lat'><strong>⁴</strong></span> 
     </span>
    </p>
   </div>
   <div class='ocr_carea' id='block_1_5' title="bbox 198 1393 1303 1500">
    <p class='ocr_par' dir='ltr' id='par_1_5' title="bbox 198 1393 1303 1500">
     <span class='ocr_line' id='line_1_11' title="bbox 198 1393 1303 1500; baseline 0 -28"><span class='ocrx_word' id='word_1_65' title='bbox 198 1465 201 1472; x_wconf 87' lang='lat'>.</span> <span class='ocrx_word' id='word_1_66' title='bbox 288 1493 290 1500; x_wconf 15' lang='lat' dir='ltr'>y</span> <span class='ocrx_word' id='word_1_67' title='bbox 338 1395 511 1470; x_wconf 83' lang='lat' dir='ltr'>&amp;edenti</span> <span class='ocrx_word' id='word_1_68' title='bbox 534 1421 612 1471; x_wconf 90' lang='lat' dir='ltr'>cum</span> <span class='ocrx_word' id='word_1_69' title='bbox 632 1396 773 1496; x_wconf 79' lang='lat' dir='ltr'>collegis</span> <span class='ocrx_word' id='word_1_70' title='bbox 791 1396 890 1470; x_wconf 85' lang='lat' dir='ltr'>ludos</span> <span class='ocrx_word' id='word_1_71' title='bbox 916 1397 1082 1471; x_wconf 76' lang='lat' dir='ltr'>sevirales</span> <span class='ocrx_word' id='word_1_72' title='bbox 1103 1393 1239 1484; x_wconf 78' lang='lat' dir='ltr'>assedit,</span> <span class='ocrx_word' id='word_1_73' title='bbox 1262 1397 1303 1472; x_wconf 77' lang='lat' dir='ltr'>dt</span> 
     </span>
    </p>
   </div>
   <div class='ocr_carea' id='block_1_6' title="bbox 234 1504 1351 2146">
    <p class='ocr_par' dir='ltr' id='par_1_6' title="bbox 234 1504 1351 2146">
     <span class='ocr_line' id='line_1_12' title="bbox 337 1504 1303 1604; baseline -0.001 -24"><span class='ocrx_word' id='word_1_74' title='bbox 337 1504 375 1580; x_wconf 87' lang='lat' dir='ltr'>in</span> <span class='ocrx_word' id='word_1_75' title='bbox 395 1507 611 1581; x_wconf 86' lang='lat' dir='ltr'>Tiberianam</span> <span class='ocrx_word' id='word_1_76' title='bbox 634 1508 775 1582; x_wconf 89' lang='lat' dir='ltr'>domum</span> <span class='ocrx_word' id='word_1_77' title='bbox 799 1507 983 1604; x_wconf 81' lang='lat' dir='ltr'>transgredi</span> <span class='ocrx_word' id='word_1_78' title='bbox 1001 1505 1109 1602; x_wconf 83' lang='lat' dir='ltr'>jussit,</span> <span class='ocrx_word' id='word_1_79' title='bbox 1128 1509 1167 1582; x_wconf 77' lang='grc' dir='ltr'>δι</span> <span class='ocrx_word' id='word_1_80' title='bbox 1187 1507 1303 1581; x_wconf 87' lang='lat' dir='ltr'>aulico</span> 
     </span>
     <span class='ocr_line' id='line_1_13' title="bbox 340 1613 1316 1712; baseline 0 -26"><span class='ocrx_word' id='word_1_81' title='bbox 340 1613 474 1712; x_wconf 83' lang='lat' dir='ltr'>fastigio</span> <span class='ocrx_word' id='word_1_82' title='bbox 488 1615 688 1688; x_wconf 86' lang='lat' dir='ltr'>renitentem</span> <span class='ocrx_word' id='word_1_83' title='bbox 709 1616 870 1705; x_wconf 87' lang='lat' dir='ltr'>ornavit,</span> <span class='ocrx_word' id='word_1_84' title='bbox 883 1619 921 1688; x_wconf 77' lang='grc' dir='ltr'>δι</span> <span class='ocrx_word' id='word_1_85' title='bbox 937 1615 972 1687; x_wconf 90' lang='lat' dir='ltr'>in</span> <span class='ocrx_word' id='word_1_86' title='bbox 987 1614 1131 1712; x_wconf 86' lang='lat' dir='ltr'>collegia</span> <span class='ocrx_word' id='word_1_87' title='bbox 1150 1615 1316 1688; x_wconf 61' lang='lat' dir='ltr'>sacerdo-¹</span> 
     </span>
     <span class='ocr_line' id='line_1_14' title="bbox 339 1721 1303 1820; baseline 0.002 -26"><span class='ocrx_word' id='word_1_88' title='bbox 339 1741 412 1795; x_wconf 93' lang='lat' dir='ltr'>tum</span> <span class='ocrx_word' id='word_1_89' title='bbox 422 1776 433 1812; x_wconf 96' lang='lat'>,</span> <span class='ocrx_word' id='word_1_90' title='bbox 445 1721 582 1815; x_wconf 84' lang='lat' dir='ltr'>jubente</span> <span class='ocrx_word' id='word_1_91' title='bbox 595 1722 730 1814; x_wconf 88' lang='lat' dir='ltr'>senatu,</span> <span class='ocrx_word' id='word_1_92' title='bbox 744 1723 884 1820; x_wconf 88' lang='lat' dir='ltr'>recepit,</span> <span class='ocrx_word' id='word_1_93' title='bbox 898 1722 1077 1802; x_wconf 87' lang='lat' dir='ltr'>secundum</span> <span class='ocrx_word' id='word_1_94' title='bbox 1094 1722 1191 1797; x_wconf 87' lang='lat' dir='ltr'>etiam</span> <span class='ocrx_word' id='word_1_95' title='bbox 1204 1726 1303 1798; x_wconf 92' lang='lat' dir='ltr'>Con·</span> 
     </span>
     <span class='ocr_line' id='line_1_15' title="bbox 234 1827 1351 1928; baseline -0.002 -24"><span class='ocrx_word' id='word_1_96' title='bbox 234 1919 236 1924; x_wconf 22' lang='lat'>¹</span> <span class='ocrx_word' id='word_1_97' title='bbox 340 1829 448 1904; x_wconf 88' lang='lat' dir='ltr'>sulem</span> <span class='ocrx_word' id='word_1_98' title='bbox 469 1827 675 1928; x_wconf 79' lang='lat' dir='ltr'>designavit,</span> <span class='ocrx_word' id='word_1_99' title='bbox 689 1855 766 1903; x_wconf 93' lang='lat' dir='ltr'>cum</span> <span class='ocrx_word' id='word_1_100' title='bbox 787 1829 855 1926; x_wconf 88' lang='lat' dir='ltr'>ipse</span> <span class='ocrx_word' id='word_1_101' title='bbox 870 1849 1025 1925; x_wconf 88' lang='lat' dir='ltr'>quartum</span> <span class='ocrx_word' id='word_1_102' title='bbox 1046 1829 1170 1926; x_wconf 89' lang='lat' dir='ltr'>pariter</span> <span class='ocrx_word' id='word_1_103' title='bbox 1190 1829 1304 1902; x_wconf 72' lang='lat' dir='ltr'>iniret</span> <span class='ocrx_word' id='word_1_104' title='bbox 1348 1835 1351 1842; x_wconf 82' lang='grc'><strong>’</strong></span> 
     </span>
     <span class='ocr_line' id='line_1_16' title="bbox 339 1937 1302 2034; baseline 0.001 -25"><span class='ocrx_word' id='word_1_105' title='bbox 339 1937 403 2010; x_wconf 87' lang='lat' dir='ltr'>Per</span> <span class='ocrx_word' id='word_1_106' title='bbox 416 1937 532 2012; x_wconf 87' lang='lat' dir='ltr'>eadem</span> <span class='ocrx_word' id='word_1_107' title='bbox 549 1958 721 2034; x_wconf 89' lang='lat' dir='ltr'>tempora,</span> <span class='ocrx_word' id='word_1_108' title='bbox 737 1964 814 2012; x_wconf 90' lang='lat' dir='ltr'>cum</span> <span class='ocrx_word' id='word_1_109' title='bbox 828 1939 929 2016; x_wconf 84' lang='lat' dir='ltr'>tantis</span> <span class='ocrx_word' id='word_1_110' title='bbox 946 1938 1138 2012; x_wconf 77' lang='lat' dir='ltr'>honoribus</span> <span class='ocrx_word' id='word_1_111' title='bbox 1152 1950 1302 2032; x_wconf 83' lang='lat' dir='ltr'>occupa·</span> 
     </span>
     <span class='ocr_line' id='line_1_17' title="bbox 340 2035 1301 2146; baseline -0.001 -27"><span class='ocrx_word' id='word_1_112' title='bbox 340 2067 448 2134; x_wconf 85' lang='lat' dir='ltr'>retur,</span> <span class='ocrx_word' id='word_1_113' title='bbox 465 2049 503 2122; x_wconf 77' lang='grc' dir='ltr'>δι</span> <span class='ocrx_word' id='word_1_114' title='bbox 522 2045 599 2122; x_wconf 86' lang='lat' dir='ltr'>cunt</span> <span class='ocrx_word' id='word_1_115' title='bbox 621 2035 820 2122; x_wconf 84' lang='lat' dir='ltr'>formandus</span> <span class='ocrx_word' id='word_1_116' title='bbox 840 2049 883 2120; x_wconf 87' lang='lat' dir='ltr'>ad</span> <span class='ocrx_word' id='word_1_117' title='bbox 897 2048 1078 2146; x_wconf 83' lang='lat' dir='ltr'>regendum</span> <span class='ocrx_word' id='word_1_118' title='bbox 1096 2046 1213 2120; x_wconf 84' lang='lat' dir='ltr'>statum</span> <span class='ocrx_word' id='word_1_119' title='bbox 1234 2044 1301 2118; x_wconf 90' lang='lat' dir='ltr'>rei·</span> 
     </span>
    </p>
   </div>
   <div class='ocr_carea' id='block_1_7' title="bbox 213 2147 1302 2258">
    <p class='ocr_par' dir='ltr' id='par_1_7' title="bbox 213 2147 1302 2258">
     <span class='ocr_line' id='line_1_18' title="bbox 213 2147 1302 2258; baseline -0.001 -27"><span class='ocrx_word' id='word_1_120' title='bbox 213 2147 217 2156; x_wconf 46' lang='lat'>¹</span> <span class='ocrx_word' id='word_1_121' title='bbox 339 2158 487 2255; x_wconf 82' lang='lat' dir='ltr'>publicae</span> <span class='ocrx_word' id='word_1_122' title='bbox 505 2161 607 2256; x_wconf 84' lang='lat' dir='ltr'>patris</span> <span class='ocrx_word' id='word_1_123' title='bbox 622 2161 748 2234; x_wconf 70' lang='lat' dir='ltr'>artibus</span> <span class='ocrx_word' id='word_1_124' title='bbox 762 2161 949 2246; x_wconf 83' lang='lat' dir='ltr'>interesset,</span> <span class='ocrx_word' id='word_1_125' title='bbox 970 2159 1075 2240; x_wconf 89' lang='lat' dir='ltr'>lludia</span> <span class='ocrx_word' id='word_1_126' title='bbox 1093 2157 1302 2258; x_wconf 77' lang='lat' dir='ltr'>cupidissime</span> 
     </span>
    </p>
   </div>
   <div class='ocr_carea' id='block_1_8' title="bbox 233 2261 1318 2916">
    <p class='ocr_par' dir='ltr' id='par_1_8' title="bbox 233 2261 1420 2916">
     <span class='ocr_line' id='line_1_19' title="bbox 338 2261 1318 2368; baseline 0 -24"><span class='ocrx_word' id='word_1_127' title='bbox 338 2269 580 2368; x_wconf 86' lang='lat' dir='ltr'>frequentavit.</span> <span class='ocrx_word' id='word_1_128' title='bbox 594 2271 672 2345; x_wconf 86' lang='lat' dir='ltr'>Post</span> <span class='ocrx_word' id='word_1_129' title='bbox 683 2274 755 2346; x_wconf 76' lang='lat' dir='ltr'>haec</span> <span class='ocrx_word' id='word_1_130' title='bbox 765 2269 954 2346; x_wconf 81' lang='lat' dir='ltr'>Faustinam</span> <span class='ocrx_word' id='word_1_131' title='bbox 968 2261 1062 2346; x_wconf 84' lang='lat' dir='ltr'>duxit</span> <span class='ocrx_word' id='word_1_132' title='bbox 1074 2295 1237 2345; x_wconf 83' lang='lat' dir='ltr'>uxorem:</span> <span class='ocrx_word' id='word_1_133' title='bbox 1249 2271 1301 2360; x_wconf 77' lang='lat' dir='ltr'>dt,</span> <span class='ocrx_word' id='word_1_134' title='bbox 1316 2304 1318 2312; x_wconf 70' lang='lat'>,</span> 
     </span>
     <span class='ocr_line' id='line_1_20' title="bbox 280 2379 1302 2488; baseline 0 -34"><span class='ocrx_word' id='word_1_135' title='bbox 280 2471 288 2488; x_wconf 16' lang='grc' dir='ltr'>ὓ</span> <span class='ocrx_word' id='word_1_136' title='bbox 339 2381 488 2483; x_wconf 86' lang='lat' dir='ltr'>suscepta</span> <span class='ocrx_word' id='word_1_137' title='bbox 509 2379 599 2473; x_wconf 87' lang='lat' dir='ltr'>lilia,</span> <span class='ocrx_word' id='word_1_138' title='bbox 616 2383 796 2457; x_wconf 87' lang='lat' dir='ltr'>tribunicia</span> <span class='ocrx_word' id='word_1_139' title='bbox 814 2383 977 2482; x_wconf 89' lang='lat' dir='ltr'>poteslate</span> <span class='ocrx_word' id='word_1_140' title='bbox 997 2383 1140 2456; x_wconf 84' lang='lat' dir='ltr'>donatus</span> <span class='ocrx_word' id='word_1_141' title='bbox 1161 2381 1231 2471; x_wconf 79' lang='lat' dir='ltr'>est,</span> <span class='ocrx_word' id='word_1_142' title='bbox 1250 2398 1302 2454; x_wconf 87' lang='lat' dir='ltr'>at·</span> 
     </span>
     <span class='ocr_line' id='line_1_21' title="bbox 339 2488 1303 2589; baseline -0.006 -27"><span class='ocrx_word' id='word_1_143' title='bbox 339 2515 408 2589; x_wconf 89' lang='lat' dir='ltr'>que</span> <span class='ocrx_word' id='word_1_144' title='bbox 422 2490 567 2589; x_wconf 87' lang='lat' dir='ltr'>imperio</span> <span class='ocrx_word' id='word_1_145' title='bbox 585 2513 677 2566; x_wconf 84' lang='lat' dir='ltr'>extra</span> <span class='ocrx_word' id='word_1_146' title='bbox 694 2493 825 2567; x_wconf 84' lang='lat' dir='ltr'>Urbem</span> <span class='ocrx_word' id='word_1_147' title='bbox 841 2490 1075 2589; x_wconf 85' lang='lat' dir='ltr'>proconsulari</span> <span class='ocrx_word' id='word_1_148' title='bbox 1086 2543 1098 2578; x_wconf 93' lang='lat'>,</span> <span class='ocrx_word' id='word_1_149' title='bbox 1111 2488 1227 2562; x_wconf 87' lang='lat' dir='ltr'>addito</span> <span class='ocrx_word' id='word_1_150' title='bbox 1246 2488 1303 2582; x_wconf 84' lang='lat' dir='ltr'>ju-.</span> 
     </span>
     <span class='ocr_line' id='line_1_22' title="bbox 233 2597 1302 2710; baseline -0.004 -34"><span class='ocrx_word' id='word_1_151' title='bbox 233 2690 235 2695; x_wconf 23' lang='grc' dir='ltr'>Ι</span> <span class='ocrx_word' id='word_1_152' title='bbox 264 2685 273 2710; x_wconf 26' lang='grc' dir='ltr'>ἱ</span> <span class='ocrx_word' id='word_1_153' title='bbox 341 2625 380 2676; x_wconf 85' lang='lat' dir='ltr'>re</span> <span class='ocrx_word' id='word_1_154' title='bbox 394 2601 520 2699; x_wconf 72' lang='lat' dir='ltr'>quinto</span> <span class='ocrx_word' id='word_1_155' title='bbox 541 2602 723 2675; x_wconf 84' lang='lat' dir='ltr'>relationis.</span> <span class='ocrx_word' id='word_1_156' title='bbox 739 2613 937 2698; x_wconf 88' lang='lat' dir='ltr'>tantumque</span> <span class='ocrx_word' id='word_1_157' title='bbox 950 2599 1040 2695; x_wconf 83' lang='lat' dir='ltr'>apud</span> <span class='ocrx_word' id='word_1_158' title='bbox 1055 2600 1151 2672; x_wconf 86' lang='lat' dir='ltr'>Pium</span> <span class='ocrx_word' id='word_1_159' title='bbox 1169 2597 1302 2687; x_wconf 85' lang='lat' dir='ltr'>valuit,</span> 
     </span>
     <span class='ocr_line' id='line_1_23' title="bbox 341 2705 1303 2808; baseline -0.004 -25"><span class='ocrx_word' id='word_1_160' title='bbox 341 2728 380 2784; x_wconf 88' lang='lat' dir='ltr'>ut</span> <span class='ocrx_word' id='word_1_161' title='bbox 399 2735 573 2808; x_wconf 88' lang='lat' dir='ltr'>nunquam</span> <span class='ocrx_word' id='word_1_162' title='bbox 590 2735 793 2808; x_wconf 89' lang='lat' dir='ltr'>quemquam</span> <span class='ocrx_word' id='word_1_163' title='bbox 811 2713 878 2782; x_wconf 81' lang='lat' dir='ltr'>stne</span> <span class='ocrx_word' id='word_1_164' title='bbox 894 2733 939 2784; x_wconf 90' lang='lat' dir='ltr'>eo</span> <span class='ocrx_word' id='word_1_165' title='bbox 957 2707 1055 2784; x_wconf 86' lang='lat' dir='ltr'>facile</span> <span class='ocrx_word' id='word_1_166' title='bbox 1074 2705 1303 2805; x_wconf 85' lang='lat' dir='ltr'>promoverit.</span> 
     </span>
     <span class='ocr_line' id='line_1_24' title="bbox 265 2818 1302 2916; baseline -0.005 -23"><span class='ocrx_word' id='word_1_167' title='bbox 265 2893 268 2906; x_wconf 84' lang='grc'>,</span> <span class='ocrx_word' id='word_1_168' title='bbox 342 2822 424 2893; x_wconf 88' lang='lat' dir='ltr'>Erat</span> <span class='ocrx_word' id='word_1_169' title='bbox 447 2838 559 2892; x_wconf 89' lang='lat' dir='ltr'>autern</span> <span class='ocrx_word' id='word_1_170' title='bbox 583 2820 619 2891; x_wconf 91' lang='lat' dir='ltr'>in</span> <span class='ocrx_word' id='word_1_171' title='bbox 646 2818 784 2890; x_wconf 79' lang='lat' dir='ltr'>summis</span> <span class='ocrx_word' id='word_1_172' title='bbox 813 2819 985 2914; x_wconf 86' lang='lat' dir='ltr'>obsequiis</span> <span class='ocrx_word' id='word_1_173' title='bbox 1009 2818 1114 2916; x_wconf 89' lang='lat' dir='ltr'>patris</span> <span class='ocrx_word' id='word_1_174' title='bbox 1143 2819 1302 2890; x_wconf 84' lang='lat' dir='ltr'>Marcus:</span> 
     </span>
    </p>
   </div>
   <div class='ocr_carea' id='block_1_9' title="bbox 126 2926 1419 3026">
    <p class='ocr_par' dir='ltr' id='par_1_9' title="bbox 126 2926 1419 3026">
     <span class='ocr_line' id='line_1_25' title="bbox 126 2926 1419 3026; baseline -0.009 -20"><span class='ocrx_word' id='word_1_175' title='bbox 126 2952 129 2960; x_wconf 85' lang='lat'>&#39;</span> <span class='ocrx_word' id='word_1_176' title='bbox 204 2951 207 2955; x_wconf 84' lang='grc'>’</span> <span class='ocrx_word' id='word_1_177' title='bbox 340 2927 593 3025; x_wconf 80' lang='lat' dir='ltr'>quamvis-non</span> <span class='ocrx_word' id='word_1_178' title='bbox 619 2926 785 3017; x_wconf 88' lang='lat' dir='ltr'>deessent,</span> <span class='ocrx_word' id='word_1_179' title='bbox 806 2927 864 3024; x_wconf 87' lang='lat' dir='ltr'>qui</span> <span class='ocrx_word' id='word_1_180' title='bbox 889 2927 1000 3026; x_wconf 88' lang='lat' dir='ltr'>aliqua</span> <span class='ocrx_word' id='word_1_181' title='bbox 1026 2926 1204 3002; x_wconf 86' lang='lat' dir='ltr'>adversum</span> <span class='ocrx_word' id='word_1_182' title='bbox 1225 2949 1302 2999; x_wconf 92' lang='lat' dir='ltr'>eum</span> <span class='ocrx_word' id='word_1_183' title='bbox 1418 2957 1419 2968; x_wconf 31' lang='grc' dir='ltr'>ι</span> 
     </span>
    </p>
   </div>
   <div class='ocr_carea' id='block_1_10' title="bbox 226 3034 1418 3353">
    <p class='ocr_par' dir='ltr' id='par_1_10' title="bbox 226 3034 1418 3353">
     <span class='ocr_line' id='line_1_26' title="bbox 341 3034 1418 3134; baseline -0.005 -24"><span class='ocrx_word' id='word_1_184' title='bbox 341 3035 603 3122; x_wconf 78' lang='lat' dir='ltr'>insusurrarent3</span> <span class='ocrx_word' id='word_1_185' title='bbox 614 3038 734 3132; x_wconf 74' lang='lat' dir='ltr'>&amp;pta</span> <span class='ocrx_word' id='word_1_186' title='bbox 748 3035 867 3110; x_wconf 89' lang='lat' dir='ltr'>ceteris</span> <span class='ocrx_word' id='word_1_187' title='bbox 882 3037 1037 3111; x_wconf 87' lang='lat' dir='ltr'>Valerius</span> <span class='ocrx_word' id='word_1_188' title='bbox 1050 3035 1208 3111; x_wconf 86' lang='lat' dir='ltr'>Omulus.</span> <span class='ocrx_word' id='word_1_189' title='bbox 1220 3034 1302 3134; x_wconf 91' lang='lat' dir='ltr'>qui,</span> <span class='ocrx_word' id='word_1_190' title='bbox 1417 3091 1418 3096; x_wconf 65' lang='lat'>,</span> 
     </span>
     <span class='ocr_line' id='line_1_27' title="bbox 341 3143 1418 3247; baseline -0.005 -27"><span class='ocrx_word' id='word_1_191' title='bbox 341 3169 419 3247; x_wconf 87' lang='lat' dir='ltr'>cum</span> <span class='ocrx_word' id='word_1_192' title='bbox 438 3143 621 3236; x_wconf 86' lang='lat' dir='ltr'>Lucillam,</span> <span class='ocrx_word' id='word_1_193' title='bbox 639 3163 779 3220; x_wconf 88' lang='lat' dir='ltr'>matrem</span> <span class='ocrx_word' id='word_1_194' title='bbox 802 3147 933 3235; x_wconf 89' lang='lat' dir='ltr'>Marci,</span> <span class='ocrx_word' id='word_1_195' title='bbox 948 3147 984 3220; x_wconf 93' lang='lat' dir='ltr'>in</span> <span class='ocrx_word' id='word_1_196' title='bbox 1009 3143 1174 3219; x_wconf 84' lang='lat' dir='ltr'>viridario</span> <span class='ocrx_word' id='word_1_197' title='bbox 1193 3167 1307 3216; x_wconf 54' lang='lat' dir='ltr'>vene*</span> <span class='ocrx_word' id='word_1_198' title='bbox 1417 3151 1418 3236; x_wconf 82' lang='lat' dir='ltr'><strong>j</strong></span> 
     </span>
     <span class='ocr_line' id='line_1_28' title="bbox 226 3252 1302 3353; baseline -0.007 -23"><span class='ocrx_word' id='word_1_199' title='bbox 226 3295 230 3318; x_wconf 51' lang='grc' dir='ltr'>ι</span> <span class='ocrx_word' id='word_1_200' title='bbox 260 3261 269 3270; x_wconf 86' lang='grc'><strong>”</strong></span> <span class='ocrx_word' id='word_1_201' title='bbox 339 3274 470 3329; x_wconf 85' lang='lat' dir='ltr'>tantem</span> <span class='ocrx_word' id='word_1_202' title='bbox 496 3254 709 3344; x_wconf 75' lang='lat' dir='ltr'>simulacrum</span> <span class='ocrx_word' id='word_1_203' title='bbox 736 3255 907 3353; x_wconf 83' lang='lat' dir='ltr'>Apollinis</span> <span class='ocrx_word' id='word_1_204' title='bbox 933 3255 1089 3343; x_wconf 81' lang='lat' dir='ltr'>vidisset,</span> <span class='ocrx_word' id='word_1_205' title='bbox 1115 3252 1302 3326; x_wconf 88' lang='lat' dir='ltr'>insusurra·</span> 
     </span>
    </p>
   </div>
   <div class='ocr_carea' id='block_1_11' title="bbox 340 3361 1302 3464">
    <p class='ocr_par' dir='ltr' id='par_1_11' title="bbox 340 3361 1302 3464">
     <span class='ocr_line' id='line_1_29' title="bbox 340 3361 1302 3464; baseline -0.007 -23"><span class='ocrx_word' id='word_1_206' title='bbox 340 3366 414 3458; x_wconf 88' lang='lat' dir='ltr'>vit,</span> <span class='ocrx_word' id='word_1_207' title='bbox 430 3369 492 3438; x_wconf 87' lang='lat' dir='ltr'>Illa</span> <span class='ocrx_word' id='word_1_208' title='bbox 505 3392 720 3464; x_wconf 71' lang='lat' dir='ltr'>nunc-rogat,</span> <span class='ocrx_word' id='word_1_209' title='bbox 739 3393 776 3440; x_wconf 84' lang='lat' dir='ltr'>ur</span> <span class='ocrx_word' id='word_1_210' title='bbox 798 3371 878 3438; x_wconf 81' lang='lat' dir='ltr'>diem</span> <span class='ocrx_word' id='word_1_211' title='bbox 895 3392 982 3438; x_wconf 87' lang='lat' dir='ltr'>tuum</span> <span class='ocrx_word' id='word_1_212' title='bbox 1002 3369 1150 3452; x_wconf 82' lang='lat' dir='ltr'>claudas,</span> <span class='ocrx_word' id='word_1_213' title='bbox 1164 3361 1197 3436; x_wconf 64' lang='lat' dir='ltr'>t«</span> <span class='ocrx_word' id='word_1_214' title='bbox 1206 3365 1253 3454; x_wconf 87' lang='lat' dir='ltr'>fil</span> <span class='ocrx_word' id='word_1_215' title='bbox 1238 3366 1302 3434; x_wconf 81' lang='lat' dir='ltr'>tius</span> 
     </span>
    </p>
   </div>
   <div class='ocr_carea' id='block_1_12' title="bbox 181 3473 1384 3580">
    <p class='ocr_par' dir='ltr' id='par_1_12' title="bbox 181 3473 1384 3580">
     <span class='ocr_line' id='line_1_30' title="bbox 181 3473 1384 3580; baseline -0.008 -27"><span class='ocrx_word' id='word_1_216' title='bbox 181 3573 185 3580; x_wconf 32' lang='grc' dir='ltr'>Ι</span> <span class='ocrx_word' id='word_1_217' title='bbox 340 3486 474 3578; x_wconf 80' lang='lat' dir='ltr'>imperet.</span> <span class='ocrx_word' id='word_1_218' title='bbox 466 3479 582 3576; x_wconf 89' lang='lat' dir='ltr'>.quod</span> <span class='ocrx_word' id='word_1_219' title='bbox 599 3478 745 3552; x_wconf 89' lang='lat' dir='ltr'>omnino</span> <span class='ocrx_word' id='word_1_220' title='bbox 765 3478 854 3574; x_wconf 91' lang='lat' dir='ltr'>apud</span> <span class='ocrx_word' id='word_1_221' title='bbox 874 3475 1067 3548; x_wconf 87' lang='lat' dir='ltr'>Piumnibil</span> <span class='ocrx_word' id='word_1_222' title='bbox 1087 3473 1213 3552; x_wconf 86' lang='lat' dir='ltr'>valuit:</span> <span class='ocrx_word' id='word_1_223' title='bbox 1228 3491 1302 3544; x_wconf 90' lang='lat' dir='ltr'>tan·</span> <span class='ocrx_word' id='word_1_224' title='bbox 1381 3563 1384 3571; x_wconf 73' lang='lat'>,</span> 
     </span>
    </p>
   </div>
   <div class='ocr_carea' id='block_1_13' title="bbox 341 3579 1301 3683">
    <p class='ocr_par' dir='ltr' id='par_1_13' title="bbox 341 3579 1301 3683">
     <span class='ocr_line' id='line_1_31' title="bbox 341 3579 1301 3683; baseline -0.011 -22"><span class='ocrx_word' id='word_1_225' title='bbox 341 3609 376 3662; x_wconf 91' lang='lat' dir='ltr'>ta</span> <span class='ocrx_word' id='word_1_226' title='bbox 390 3607 460 3660; x_wconf 88' lang='lat' dir='ltr'>erat</span> <span class='ocrx_word' id='word_1_227' title='bbox 473 3587 582 3662; x_wconf 87' lang='lat' dir='ltr'>Marci</span> <span class='ocrx_word' id='word_1_228' title='bbox 593 3585 744 3683; x_wconf 89' lang='lat' dir='ltr'>probitas</span> <span class='ocrx_word' id='word_1_229' title='bbox 753 3635 764 3676; x_wconf 92' lang='lat'>,</span> <span class='ocrx_word' id='word_1_230' title='bbox 773 3585 810 3656; x_wconf 75' lang='grc' dir='ltr'>δι</span> <span class='ocrx_word' id='word_1_231' title='bbox 824 3601 915 3656; x_wconf 86' lang='lat' dir='ltr'>tanta</span> <span class='ocrx_word' id='word_1_232' title='bbox 928 3581 965 3655; x_wconf 92' lang='lat' dir='ltr'>in</span> <span class='ocrx_word' id='word_1_233' title='bbox 977 3579 1198 3679; x_wconf 85' lang='lat' dir='ltr'>imperatorio</span> <span class='ocrx_word' id='word_1_234' title='bbox 1208 3579 1301 3675; x_wconf 90' lang='lat' dir='ltr'>prin</span> 
     </span>
    </p>
   </div>
   <div class='ocr_carea' id='block_1_14' title="bbox 340 3669 1302 3889">
    <p class='ocr_par' dir='ltr' id='par_1_14' title="bbox 340 3669 1302 3889">
     <span class='ocr_line' id='line_1_32' title="bbox 340 3669 898 3796; baseline -0.018 -23"><span class='ocrx_word' id='word_1_235' title='bbox 340 3697 453 3796; x_wconf 86' lang='lat' dir='ltr'>cipatu</span> <span class='ocrx_word' id='word_1_236' title='bbox 470 3669 642 3772; x_wconf 85' lang='lat' dir='ltr'>modestia.</span> <span class='ocrx_word' id='word_1_237' title='bbox 894 3753 898 3763; x_wconf 86' lang='grc'><em>,</em></span> 
     </span>
     <span class='ocr_line' id='line_1_33' title="bbox 388 3795 1302 3889; baseline -0.007 -5.987"><span class='ocrx_word' id='word_1_238' title='bbox 388 3811 465 3889; x_wconf 86' lang='lat' dir='ltr'>Vll.</span> <span class='ocrx_word' id='word_1_239' title='bbox 486 3803 873 3910; x_wconf 79' lang='lat' dir='ltr'>Existimationisautem</span> <span class='ocrx_word' id='word_1_240' title='bbox 888 3819 1015 3880; x_wconf 82' lang='lat' dir='ltr'>tautam</span> <span class='ocrx_word' id='word_1_241' title='bbox 1034 3795 1302 3889; x_wconf 68' lang='lat' dir='ltr'>commouit,</span> 
     </span>
    </p>
   </div>
   <div class='ocr_carea' id='block_1_15' title="bbox 0 0 1452 4828">
    <p class='ocr_par' dir='ltr' id='par_1_15' title="bbox 0 0 1452 4828">
     <span class='ocr_line' id='line_1_34' title="bbox 0 0 1452 4828; baseline 0 0"><span class='ocrx_word' id='word_1_242' title='bbox 0 0 1452 4828; x_wconf 95' lang='lat' dir='ltr'> </span> 
     </span>
    </p>
   </div>
  </div>
 </body>
</html>
