2856 4824
207 303 596 381 nnnxnnnnn
632 301 915 398 arvenos.
993 311 1059 413 285

98 465 253 557 mentio,
277 467 370 564 quod
391 466 449 538 ille
473 465 625 563 leporem
650 465 805 563 quotidie
826 467 981 556 haberet,
1005 469 1063 563 jo·

98 603 162 652 cus
186 579 339 676 poeticus
360 577 517 666 emersit,
540 576 786 673 idcircoquod
812 578 912 650 multi
938 581 1064 676 septem

98 688 222 760 diebus
234 687 395 784 pulchros
408 687 472 760 effe
484 688 601 762 dicunt
619 711 701 776 eos,
714 687 774 783 qni
789 686 940 785 leporem
962 711 1063 763 cont·

97 797 250 888 ederint,
279 817 315 869 ut
340 795 503 870 Martialis
528 797 628 870 etiarn
652 795 857 892 epigramma
879 795 1065 894 fignificat,

101 906 199 1006 quod
213 927 332 980 contra
345 906 515 1005 quandam
529 904 675 996 Gelliam
688 903 814 1002 scripsit
827 905 1039 1000 hujusmodi:

153 1022 232 1090 Cum
244 1027 371 1112 leporem
384 1019 506 1107 mittis,
516 1018 639 1110 semper
648 1017 751 1104 milei,
767 1016 894 1106 Gellia,
907 1023 1064 1106 mandas,

200 1128 321 1224 Septen:
328 1130 492 1222 formosus
502 1181 515 1218 ,
527 1133 655 1212 Marce,
670 1130 776 1198 diebus
789 1131 859 1198 eris.

151 1241 194 1309 Si
206 1266 309 1311 verum
322 1243 420 1328 dicis,
427 1238 461 1337 fi
469 1263 571 1309 uerum
584 1288 594 1323 ,
608 1236 731 1322 Gellia,
748 1238 906 1324 mandas,
985 1255 988 1260 '
1024 1297 1025 1304 ,

131 1339 135 1343 ’
200 1351 307 1452 Edisti
316 1375 496 1442 nunquam,
511 1348 615 1418 Gellia
627 1398 638 1432 ,
651 1369 690 1424 ιιιί
699 1349 837 1437 leporem.

102 1457 169 1530 Sed
183 1458 248 1530 hos
264 1460 377 1532 versus
389 1457 551 1532 Martialis
571 1456 607 1528 in
626 1479 719 1542 eam,
737 1477 812 1551 qua:
831 1445 992 1525 deformis
1012 1451 1065 1526 es·
1097 1464 1100 1470 ’

104 1562 176 1652 set,
196 1567 407 1662 composuit:
429 1583 531 1662 poeta
554 1587 639 1640 vero
664 1582 859 1657 temporum
881 1559 1072 1634 Alexandri

102 1674 179 1746 ltaec
198 1674 234 1745 in
254 1699 330 1748 eum
349 1676 455 1749 dixit:
757 1726 760 1732 ,

155 1787 326 1858 Pulclmem
337 1791 423 1880 quod
431 1791 516 1859 uides
527 1781 582 1884 effe
594 1783 728 1885 nostrum
742 1807 860 1878 regem,

155 1897 260 1990 Quem
275 1901 395 1991 Syrum
399 1897 467 1992 sua
479 1898 588 1970 detulit
595 1904 758 1988 propago,

54 2079 56 2089 ,
156 2011 297 2076 Venatus
303 2005 390 2095 facie
401 2059 413 2091 ,
424 2003 457 2076 δ’
470 2013 555 2098 lepus
570 2005 725 2094 comesus,

156 2119 216 2184 Ex
227 2137 288 2208 quo
301 2117 484 2186 continuum
496 2116 583 2206 capit
591 2119 732 2204 leporem.

107 2224 184 2297 Hos
205 2223 319 2296 versus
340 2247 417 2297 curn
440 2222 581 2294 adeum
606 2219 742 2316 quidam
763 2242 807 2290 ex
830 2213 944 2291 amicis
967 2215 1067 2288 derna

108 2333 216 2422 litter,
230 2333 432 2430 respondiffe
457 2332 516 2406 ille
541 2330 664 2406 dicitur
685 2327 816 2403 Graecis
843 2326 1015 2419 versibus,
1031 2326 1070 2420 in,

107 2443 196 2516 hanc
216 2442 425 2517 sententiam:

158 2557 328 2630 Pulchrum
343 2562 532 2654 quodputas
545 2553 601 2654 effe
613 2556 738 2658 uejlrum
752 2578 869 2649 regem,

162 2671 321 2762 Vulgari,
333 2671 521 2762 miserande,
536 2667 724 2758 defizbella:

125 2781 131 2800 ¹
159 2783 201 2849 Si
213 2807 316 2850 rerum
324 2805 421 2871 putas
432 2775 502 2876 effe,
516 2802 581 2849 non
594 2779 720 2872 irascor.

161 2893 298 2960 Tantum
310 2912 344 2960 ιιι
355 2893 497 2958 comedas
508 2890 600 2958 uelirn
613 2885 784 2977 lepusculos
798 2933 811 2973 ,

163 3001 213 3066 Ut
219 2997 304 3084 fias,
317 2999 420 3066 animi
432 2993 685 3090 malis'repufis,

158 3109 312 3195 Pulcher,
324 3135 363 3178 ne
374 3109 519 3179 invideas
529 3107 622 3176 livore
636 3104 757 3174 mentis.

159 3213 333 3285 xxxtx.
363 3215 451 3288 Cum
483 3213 612 3284 amicos
637 3210 794 3280 militares
819 3201 1006 3291 habuinet,
1032 3217 1071 3274 ut

112 3322 208 3419 usum
224 3323 384 3418 Trajani,
400 3347 502 3422 quem
526 3319 583 3394 ille
607 3319 683 3418 post
702 3315 878 3390 secundam
905 3297 1071 3401 meolam,
1184 3331 1188 3344 ·

110 3435 252 3529 potandi
280 3434 384 3531 usque
406 3434 448 3506 ad
468 3432 617 3532 quinque
645 3429 767 3524 pocula
788 3425 993 3510 instituerat,
1016 3445 1071 3492 re·

111 3543 287 3629 servaret,
309 3567 416 3615 unum
440 3561 570 3614 tanturn
598 3537 761 3634 poculum
787 3531 902 3606 amicis
930 3530 1072 3602 exhibe·

109 3653 187 3744 bat,
208 3653 242 3724 in
265 3653 433 3727 honorem
457 3648 641 3724 Alexandri
662 3641 793 3742 Magni:
810 3641 845 3712 id
864 3656 973 3712 autem
997 3639 1073 3707 bre·

113 3764 210 3860 vius,
227 3761 288 3838 nist
309 3761 332 3836 fi
352 3761 451 3863 quis,
467 3760 563 3858 quod
577 3757 718 3848 licebat,
737 3747 844 3846 majus
864 3748 984 3822 habere
1003 3767 1072 3842 pos

460 3962 467 4004 l
