2932 4824
337 307 586 382 oorurus
627 291 959 378 uncrinus.
1044 289 1130 402 εις

165 467 248 594 ejus⁸
266 471 455 542 Antoninus
480 467 528 542 est
554 465 761 564 appellatus,
782 463 915 564 imperii
941 463 1056 585 delatis
1073 469 1131 542 in··‘

120 749 124 758 ,
166 579 363 764 figliiililsac
382 637 441 762 ubi
455 688 529 762 sunt
547 687 703 764 Macrino
721 687 811 784 apud
828 687 1044 764 Antiochiam
1065 713 1131 786 po·

167 795 233 871 srto
252 798 426 887 nuntiata,
443 799 579 870 miratus
598 799 768 876 audaciam
794 797 1013 890 muliebrem,
1033 795 1131 868 fimul

168 905 269 986 etiam
296 929 539 995 contemnens,
562 907 727 979 lulianum
754 903 949 996 Praeseeium
971 904 1013 976 ad
1039 903 1131 975 obfi-

58 1021 63 1030 '
169 1016 299 1090 dendus
318 1029 382 1100 eos
395 1041 473 1090 cum
493 1015 683 1114 legionibus
698 1014 794 1088 mifit.
815 1015 951 1108 Quibus
969 1039 1046 1088 curn
1062 1018 1132 1088 An·
1236 1015 1238 1022 ’

167 1127 308 1202 toninus
327 1129 578 1218 ostenderetur,
597 1129 695 1200 miro'
712 1141 829 1200 amore
854 1126 890 1198 in
914 1151 990 1200 eum
1016 1125 1132 1198 omni·

169 1233 232 1306 bus
259 1234 455 1320 inclinaris,
477 1236 596 1309 occiso
621 1236 755 1318 iuliano
782 1233 972 1329 Praefeuo,
991 1233 1033 1306 ad
1055 1254 1133 1310 eum
1222 1276 1223 1291 κ

169 1367 290 1415 omnes
312 1343 522 1416 transierunt.
536 1342 673 1416 Deinde
692 1364 786 1441 parre
805 1342 972 1416 exercitus
986 1339 1133 1435 conjun-

171 1450 244 1538 na,
265 1450 361 1524 venit
380 1470 501 1525 contra
515 1453 704 1526 Macrinum
719 1452 934 1534 Antoninus,
956 1469 1076 1524 contra
1100 1452 1132 1524 se

169 1559 400 1636 festinantem:
413 1563 660 1662 commiffoque
674 1563 822 1660 proelio,
836 1563 1007 1637 Macrinus
1020 1563 1066 1636 est
1081 1563 1133 1635 vi·
1239 1571 1243 1580 ’

170 1669 243 1744 eius
261 1673 458 1765 'proditione
479 1673 623 1748 miiitum
644 1673 737 1769 ejus,
760 1667 799 1750 &
820 1699 935 1747 amore
953 1673 1136 1749 Antonini.

169 1777 300 1876 fugiens
322 1781 396 1854 sane
416 1783 585 1858 Macrinus
605 1811 681 1858 cum
705 1785 820 1882 paucis
842 1787 880 1860 δι
898 1783 995 1874 filio,
1015 1785 1052 1858 in
1077 1783 1134 1856 vi-

170 1913 215 1960 co
232 1890 378 1986 quodam
394 1893 565 1992 Bithyniae
580 1895 716 1971 occisus
732 1893 780 1968 est
797 1921 874 1969 cum
893 1893 1135 1986 Diadumeno:

170 1993 387 2094 ablatumque
408 1996 478 2094 ejus
500 2021 603 2098 caput
618 2002 686 2096 eii,
706 2005 744 2077 &
766 2003 807 2074 ad
826 2001 1041 2088 Antoninum
1059 2027 1133 2098 per·

171 2101 286 2177 larum.
300 2105 478 2179 Sciendum
493 2127 674 2204 praeterea,
689 2110 785 2206 quod
796 2109 908 2181 Caesar
929 2107 1024 2180 fuine
1043 2111 1134 2184 dica·
1235 2099 1241 2114 ’

170 2239 250 2306 tur,
268 2243 339 2290 non
355 2220 535 2316 Augustus,
550 2221 785 2294 Diadumenus
801 2244 903 2316 puer,
916 2245 1016 2316 quem
1033 2223 1150 2317 pleri-s

171 2355 239 2427 que
254 2334 326 2429 pari
341 2331 435 2432 fuisse
453 2353 531 2406 cum
547 2351 640 2428 parre
661 2331 805 2429 imperio
820 2332 1039 2406 tradiderunt.
1059 2335 1134 2407 Oc·

174 2441 259 2517 cisus
278 2444 324 2518 est
346 2445 445 2518 etiam
466 2443 574 2533 filius,
595 2444 650 2518 cui
667 2445 737 2520 hoc
765 2443 874 2517 solum
897 2443 1008 2516 attulit
1030 2443 1135 2540 impe·

172 2552 282 2638 rium,
303 2571 341 2624 ut
365 2543 610 2626 interficeretur
628 2579 647 2625 a
663 2553 779 2625 milite.
806 2553 988 2626 nonenim
1011 2553 1139 2650 aliquid

172 2662 313 2757 dignum
329 2662 364 2732 in
378 2653 450 2758 eju's
463 2663 533 2734 vita
547 2663 733 2760 erat,quod
748 2663 899 2753 dicatur,
910 2683 1030 2761 praeter
1047 2665 1138 2758 hoc,

156 2769 272 2866 ,quod
293 2767 553 2844 Antoninorum
579 2769 713 2844 nomini
735 2770 783 2846 est
811 2772 906 2846 velut
930 2772 1055 2846 nothus
1075 2799 1137 2872 ap·
1168 2820 1171 2828 ,

174 2879 312 2976 positus.
377 2915 380 2922 ·
484 2917 489 2934 ·
615 2963 621 2971 ,

128 3077 129 3082 ¹
223 2991 284 3063 Xi.
297 2989 372 3062 Fuit
381 2990 553 3066 Macrinus
566 3008 677 3065 tamen
691 2989 813 3065 invita
826 2989 1042 3086 imperatoria
1056 3019 1139 3090 pau·

175 3099 213 3173 lo
233 3098 428 3199 rigidior&
447 3100 796 3197 austerior‚sperans,
811 3099 843 3172 se
862 3103 1011 3175 anteaeia
1023 3101 1140 3176 omnia
1230 3179 1232 3188 ,

175 3210 270 3307 poffe
288 3207 462 3284 oblivioni
480 3211 578 3300 dare,
597 3237 673 3284 cum
696 3210 764 3306 ipsa
785 3209 943 3284 severitas
961 3213 1052 3284 iilius
1076 3237 1139 3286 oc-

176 3321 345 3394 cafionem
363 3319 628 3416 reprehendendi
646 3321 684 3393 δι
703 3320 871 3393 lacerandi
891 3321 963 3416 ejus
987 3322 1142 3420 aperiret.

177 3434 267 3504 Nam
285 3436 322 3506 &
343 3438 490 3504 Severum
511 3430 545 3504 se
561 3433 598 3504 δι
619 3433 813 3505 Pertinacem
828 3431 986 3506 voluerat
1003 3439 1138 3510 nuncu·

176 3539 270 3634 pari:
295 3565 370 3638 quae
392 3540 462 3612 duo
486 3537 539 3612 illi
561 3534 745 3632 asperitatis
765 3538 906 3611 nomina
928 3539 1140 3619 uidebantur.

178 3653 215 3726 ὃς
226 3673 303 3721 cum
321 3648 414 3719 iilum
432 3650 574 3722 Senatus
590 3653 685 3720 Pium
704 3673 743 3720 ac
756 3651 889 3721 Felicem
908 3652 1141 3748 nuncupasti,

178 3759 299 3836 Felicis
316 3781 443 3832 nomen
463 3757 610 3860 recepit,
630 3758 680 3830 Pii
704 3759 827 3835 habere
843 3759 1090 3940 goiuituUnde
1104 3767 1142 3843 in

903 3897 929 3961 4
