2782 4814
9 362 12 367 ’
212 327 830 450 'annulinus
980 391 1021 471 ις

1 537 162 632 sorem
183 534 373 632 appellavit.
392 535 451 610 Ob
468 533 563 627 cuius
585 535 806 632 adoptionem
830 533 928 610 ludos
946 538 1025 610 Cir·

56 643 176 717 censes
189 643 300 732 dedit,
316 643 569 717 &donativum
585 645 718 741 populo
731 671 770 718 ac
784 645 947 721 militibus
962 671 1026 720 ex·

1 813 2 854 3
62 750 189 846 pendit
203 776 302 850 quem
317 754 464 833 Prtetura
476 751 684 842 honoravit
698 779 738 828 ac
757 751 865 826 statim
887 754 1026 826 Pinno-

30 858 126 963 xniis
155 856 339 952 imposuitt
369 862 506 934 decreto
534 860 715 936 consulatu
742 885 819 936 cum
853 861 1036 938 sumtibus).

62 967 206 1044 eundem
221 969 453 1055 Commodum
470 969 658 1044 secundum
672 970 854 1062 Consulem
873 971 1025 1072 defigna·

64 1075 128 1147 vit.
145 1077 256 1168 Quem
268 1103 345 1150 cum
357 1078 468 1152 minus
488 1079 601 1154 sanum
618 1081 771 1171 videret,
789 1083 961 1181 sepissime
976 1085 1027 1158 di·

64 1184 210 1270 {litavitt
226 1193 266 1258 ln
279 1193 588 1282 caducumporierem'
598 1219 655 1264 nos
668 1197 903 1281 inclinavimus,
914 1193 947 1265 δ’
956 1221 1027 1286 per·

64 1299 205 1368 didimus
224 1323 332 1390 quater
350 1302 463 1371 millies
477 1302 667 1398 sestertium,
690 1307 896 1396 quodpopulo
914 1299 1032 1374 &nri-¹

66 1407 175 1476 litibus
189 1433 251 1498 pro
273 1410 445 1500 adoptione
464 1411 627 1482 Commodi
639 1412 793 1484 dedimus.
812 1411 1027 1484 Commodus

1 1605 2 1612 ἵ
66 1531 175 1588 autem
202 1525 273 1607 prae
293 1514 511 1601 valetudine,
536 1543 599 1590 nec
623 1518 743 1616 gratias
761 1517 895 1616 quidem
917 1519 950 1590 in
975 1519 1028 1592 se·

1 1637 2 1718 l
21 1641 25 1658 “
67 1641 144 1694 natu
164 1647 261 1720 agere
277 1624 388 1719 potuit
406 1627 578 1699 Hadriano
592 1629 634 1700 de
648 1629 844 1726 adoptione.
858 1630 1030 1726 denique,

1 1720 2 1758 l
66 1750 205 1827 accepto
229 1731 350 1830 largius
376 1733 534 1806 antidoto
549 1735 833 1832 ,ingravescente
857 1735 1027 1808 valetudi-

67 1869 107 1915 ne
122 1869 214 1940 ,pet
241 1845 395 1918 somnum
418 1845 544 1941 petiit,
566 1845 642 1943 ipsis
666 1846 830 1921 Kalendis
854 1844 1030 1924 ianuariis.¹

67 1979 170 2051 quare
183 1955 226 2026 ab
237 1955 408 2032 Hadriano
422 1975 587 2029 uotorum
602 1957 697 2030 causa
711 1956 816 2054 lugeri
830 1957 877 2028 esi
890 1957 1029 2030 vetitus.

112 2065 245 2137 XXIV.
265 2065 329 2136 Sed
344 2084 484 2137 mortuo
503 2065 594 2140 AElio
609 2071 703 2140 Vero
721 2067 870 2157 Caesare,
885 2050 1028 2142 Hidria·

69 2196 127 2242 nus
137 2185 342 2268 ingruente
355 2171 531 2246 trtslrffima
548 2174 742 2247 valetudine
749 2175 949 2270 adoptavit
963 2178 1029 2248 At
1136 2253 1138 2258 ,

69 2281 153 2354 tium
168 2282 400 2372 Antoninum,
421 2308 479 2380 qur
470 2283 609 2379 polleat
621 2285 699 2356 Pius
713 2284 817 2357 diuus
835 2283 882 2358 est
897 2311 906 2358 t
922 2281 974 2354 sed
989 2309 1029 2357 ee

70 2392 202 2463 demum
226 2391 319 2488 lege„
340 2412 378 2466 ut
397 2393 454 2466 ille
480 2394 540 2466 Abi
558 2395 644 2468 duos
664 2397 863 2492 adoptaret,
879 2395 1028 2467 Annium

71 2503 195 2574 Verum
210 2503 247 2576 &
262 2505 415 2578 Marcum
431 2503 657 2578 Antoninum.
671 2505 715 2578 Hi
730 2504 825 2592 sunt,
839 2504 898 2600 qui
912 2501 1028 2599 possea

70 2612 137 2686 duo
151 2613 276 2710 paritet
292 2613 430 2711 Augusti
450 2613 549 2708 primi
562 2613 801 2710 rempublicam
813 2612 1028 2710 gubernave-

69 2725 156 2796 t'unt.
184 2723 381 2796 Antoninus
411 2724 548 2820 quidem
576 2727 659 2796 Pius
692 2723 819 2798 idcirco
843 2724 1028 2820 appellatus

73 2827 194 2901 dicitur
208 2830 334 2950 ,quod
364 2829 517 2902 socerum
541 2827 657 2901 sellum
681 2846 795 2902 aetate
793 2855 900 2912 manu
921 2829 1053 2906 suble·-

70 2937 172 3011 verit:
187 2962 344 3035 quamvis
357 2938 430 3010 alu
427 2955 700 3040 cognomentum
717 2939 829 3011 hoc
800 2963 832 3012 eu
845 2939 980 3012 dicant
972 2955 1031 3010 ind
1142 2971 1144 2976 v
1191 3032 1195 3039 Ι

71 3047 199 3134 dirum,
220 3046 314 3143 quod
334 3043 459 3120 mttltos
486 3046 656 3121 senatores
683 3046 882 3121 Hadriano
872 3073 939 3143 pam
964 3045 1028 3124 sae·¹

71 3157 175 3231 viciati
195 3157 386 3254 eripuisset,
408 3157 495 3264 alii,
505 3158 603 3253 quod
616 3157 677 3256 ipsr
696 3159 869 3232 Hadriano
885 3181 1028 3258 magnos

72 3268 219 3343 honores
240 3271 315 3366 poll
333 3291 477 3344 mortem
496 3271 674 3355 detulisset.
676 3271 848 3344 Antonini
868 3272 1030 3368 εάοριὶοι,
1121 3319 1127 3326 -

71 3401 145 3449 nem
164 3377 300 3472 plurimi
316 3397 400 3454 tunc
416 3377 533 3450 fallam
552 3378 616 3452 esse
630 3378 833 3464 doluerunt;
843 3378 1028 3475 speciatim

1 3503 2 3506 ’
71 3489 208 3566 Catilius
229 3489 587 3590 Severumpraefedlus
609 3489 1028 3586 Urbis,quis1biptaepa

70 3597 193 3670 tabat
184 3599 374 3696 imperium.
396 3624 462 3697 qua
484 3623 519 3672 re
542 3600 702 3695 prodita,
722 3597 905 3671 successore
926 3616 1029 3672 acce-2

70 3725 151 3800 pto,
163 3707 326 3805 dignitate
339 3709 491 3806 privatus
504 3709 561 3782 est.
572 3707 756 3786 Hadrianus
769 3722 891 3792 autem,
905 3704 1028 3774 ultimo

70 3812 152 3892 vite
168 3815 275 3890 taedio
293 3814 361 3912 jam
375 3815 526 3909 affectus,
545 3815 660 3914 gladio
680 3814 712 3887 se
728 3808 909 3908 transfigia
926 3807 1038 3885 servo«
1071 3863 1072 3866 ,
1122 3845 1126 3852 ·

479 4168 862 4293 Ὺ.
