2856 4824
192 345 598 428 AtrxAuoett
619 348 909 430 severus.
983 377 1054 454 273
1155 327 1191 391 ⁴·

94 451 168 592 dos.
185 516 277 614 Cum
294 469 457 590 uilitatedt
482 511 631 610 populus
648 513 825 588 Romanus
843 474 886 588 tb
900 539 944 590 eo
962 541 1059 614 pete*

95 647 147 726 ret
153 625 405 724 ,interrogavit
420 648 481 721 per
500 622 689 699 Curionem
698 651 820 724 ,φιοιῃ
840 627 981 724 speciem
996 643 1059 708 cad.

96 765 166 814 ram
182 757 349 836 putarent.
370 735 421 810 illi
433 735 602 811 continuo
615 737 910 830 exclamaverunt,
922 757 1059 818 carnem

96 851 278 940 liubulam,
297 867 397 946 atque
418 846 608 944 porcinam.
636 865 717 923 tunc
741 848 797 922 ille
824 874 895 923 nou
920 850 1060 950 quidem

98 960 266 1034 vilitatem
289 958 489 1057 proposuitc
507 957 560 1031 sed
576 958 686 1055 jussit,
706 960 840 1059 nequis
862 962 1062 1040 suminatam

99 1072 292 1170 occideret,
316 1095 358 1143 ne
377 1067 452 1166 quis
468 1067 720 1158 ladantcm,ne
740 1070 816 1166 quis
833 1094 996 1168 vaccam,
1016 1101 1062 1152 tte
1151 1153 1153 1160 ,

99 1182 173 1280 quis
194 1179 647 1276 damalionemctantumque
669 1179 757 1250 intra
776 1178 979 1278 biennium,
1004 1185 1063 1261 vel
1151 1179 1154 1200 ²

100 1317 209 1392 prope
229 1315 355 1367 annum
369 1288 550 1386 ,porcinae
566 1289 675 1364 carnis
684 1287 809 1374 suit&
828 1291 964 1388 bubulae
977 1351 990 1386 ,
1003 1315 1063 1390 ut,
1113 1283 1116 1292 ¹

100 1431 179 1480 cum
197 1405 306 1478 fuisset
325 1400 579 1476 odominutalis
598 1401 706 1490 libra,
722 1401 765 1475 ad
786 1403 873 1478 duos
890 1397 1064 1509 unumque

79 1601 82 1606 ¹
102 1515 273 1612 utriusque
295 1517 405 1588 carnis
426 1513 510 1585 libra
533 1512 751 1610 redigeretur.
855 1555 857 1562 ,

149 1627 277 1700 XXlll.
297 1623 420 1697 Causas
441 1621 585 1698 militum
608 1641 728 1693 contra
741 1601 918 1697 Tribunos
937 1605 1048 1701 sic
1003 1654 1066 1704 au

99 1735 214 1821 divit,
228 1750 288 1821 ut,
308 1729 500 1828 staliquem
515 1729 684 1826 reperisset
702 1729 950 1805 tribunorum'
940 1755 976 1808 ιο
995 1741 1066 1812 cri·
1090 1725 1117 1762 ⁹

101 1842 215 1933 mine,
231 1865 294 1939 pro
307 1839 385 1914 subii
396 1839 555 1938 qualitate
571 1839 640 1912 stne
652 1838 869 1938 indulgentie
884 1849 1066 1940 proposito

15 2017 19 2028 .
102 1951 249 2050 puniret.
267 1951 324 2026 De
346 1949 508 2023 omuibus
522 1949 718 2048 horninibus
737 1975 796 2045 per
814 1949 929 2026 fideles
951 1953 1068 2031 homi·

102 2085 164 2134 nes
183 2062 260 2132 suos
278 2061 405 2155 semper
423 2056 607 2154 quaebvit:
627 2059 666 2128 δι
688 2077 747 2152 pet
761 2081 821 2129 eos
830 2084 944 2155 ,quos
962 2088 1066 2142 nemo

103 2169 214 2244 nosset
233 2171 300 2240 hoc
322 2191 440 2266 agere3
463 2190 540 2240 cunr
565 2165 711 2254 diceret,
726 2187 847 2240 omnes
862 2171 972 2262 preda
985 2199 1070 2256 cor¹

104 2275 217 2373 rumpi
240 2275 341 2372 posse.
361 2277 486 2347 Servos
507 2273 585 2347 suos
605 2273 766 2370 semper
754 2299 831 2348 cum
847 2270 962 2356 servili
978 2287 1069 2362 vesle

105 2387 246 2472 habuit,
270 2385 410 2464 libertos
437 2407 516 2456 cunr
538 2381 790 2482 ingenuorum·
809 2387 990 2464 Eunuchos
1022 2397 1067 2468 de

106 2493 294 2568 ministerio
313 2493 375 2566 suo
393 2490 539 2584 abiecit,
564 2493 602 2564 dc
618 2492 724 2563 uxori
747 2511 785 2566 ut
803 2494 920 2569 servos
935 2498 1070 2578 servire

107 2601 209 2701 judit.
225 2605 270 2678 ¹&
291 2625 371 2676 cum
394 2599 632 2699 Heliogabalus
657 2599 865 2696 mancipium
888 2609 1071 2682 eunucho«

107 2739 183 2786 turn
202 2710 330 2801 suisset,
350 2712 392 2783 ad
413 2734 543 2784 certum
559 2733 736 2782 numerum
759 2734 819 2803 eos
842 2713 988 2812 redegit,
1006 2722 1071 2794 ne'c
1138 2765 1141 2786 .

107 2822 291 2918 quidquam
310 2820 346 2893 in
365 2819 492 2892 Palatio
511 2841 627 2893 curare
650 2818 784 2908 voluit,
801 2819 861 2893 nist
876 2823 1072 2902 balneasse·
1134 2833 1143 2844 “

107 2921 298 3004 minarum:
320 2955 396 3003 cum
418 2927 595 3031 plerosque
616 2929 792 3001 eunuchos
820 2930 1072 3013 rationibus&
1108 3025 1116 3030 -

83 3111 85 3114 ,
108 3037 409 3139 procurationibus
428 3037 658 3134 praeposuislet
672 3035 941 3136 Heliogabalus,
955 3043 1012 3123 hic
1025 3046 1072 3118 il·

109 3149 152 3222 lis
165 3151 206 3220 dt
221 3146 350 3219 veteres
363 3145 491 3218 suslulit
506 3146 694 3250 dignitates.
709 3146 800 3218 Idem
818 3149 952 3224 tertium
967 3179 1072 3250 genus

110 3255 294 3342 hominurn
311 3255 489 3328 eunuchos
513 3254 578 3326 csse
597 3253 754 3354 dicebat,
775 3279 838 3332 nec
865 3259 1072 3352 videndum,

110 3389 177 3438 nec
200 3362 321 3440 inusu
346 3362 536 3436 habendum
558 3387 580 3434 ο
606 3361 712 3453 uiris,
739 3364 792 3436 sed
819 3355 915 3439 vi'x‘e
939 3367 1073 3446 seminis

110 3471 293 3546 nobilibus.
308 3470 381 3564 Qui
397 3471 440 3543 de
458 3496 502 3544 eo
521 3459 654 3544 funum
666 3471 882 3560 vendiderat,
900 3475 970 3547 &a
985 3503 1074 3573 quo.

112 3582 190 3654 darn
214 3579 350 3657 militari
371 3599 511 3654 centurn
532 3601 652 3652 aureos
668 3599 860 3674 acceperat,
876 3581 912 3652 itt
938 3609 1074 3660 crucem

32 3675 34 3683 ’
112 3690 190 3763 tolli
203 3689 289 3781 jussu
305 3697 450 3783 peream
463 3689 567 3780 viam,
579 3714 645 3784 qua
655 3689 736 3762 effer
751 3689 854 3761 servis
868 3688 931 3766 suis
941 3694 983 3766 ad
995 3695 1075 3769 sub-

112 3803 241 3906 urbpna
260 3800 477 3895 imperatoria
498 3795 896 3899 iteo‘srcqucntiffimum.
976 3844 978 3849 .
1066 3893 1068 3900 Α

190 3911 326 4006 ‘Scripta
348 3910 398 3990 H,
421 3913 467 3990 A.
614 3929 615 3934 ’
825 3909 848 3978 S
