2884 4828
340 329 385 400 66
527 321 1104 396 JULllCAPITOLlNl

236 560 252 594 x
339 477 496 556 conditio
515 503 553 552 ac
574 476 717 577 dignitas
737 476 849 562 dedit;
866 475 949 564 nil,
965 479 1062 574 quod
1081 475 1179 552 etiam
1201 475 1310 552 sacri.

339 588 431 683 legus
452 584 618 680 judicatus
642 584 712 674 etl,
731 585 792 681 qui
815 584 886 677 ejus
909 585 1087 684 imaginem
1110 587 1145 661 in
1164 587 1220 660 sua
1237 586 1299 658 do-

339 723 399 770 mo
420 721 492 770 uon
511 694 727 790 habuit,.qui
749 719 809 790 per
830 693 1004 768 fortunam
1027 697 1084 771 vel
1106 696 1218 793 potuit
1238 695 1298 770 ha·

241 837 243 842 ·
338 809 439 894 bere,
460 805 517 879 vel
532 802 664 905 debuit.
681 803 845 901 Denique
862 804 1034 900 hodieque
1051 805 1085 877 in
1104 806 1219 882 multis
1238 806 1299 880 do·

337 920 449 994 nribus
464 914 570 986 Marci
589 907 757 986 ¹Antonini
772 913 885 986 statuar
903 911 1088 988 consistunt
1101 917 1188 990 inter
1200 918 1299 990 Deos

338 1045 492 1126 penates:
507 1047 571 1096 nec
590 1015 767 1096 defueiunr
786 1021 962 1128 homines,
975 1023 1053 1122 qui,
1066 1024 1205 1100 somniis
1220 1050 1298 1099 eum

337 1136 440 1208 multa
465 1129 649 1228 praedixisse
669 1151 888 1228 augurantes,
909 1131 1023 1206 futura
1047 1134 1085 1206 δι
1107 1155 1188 1204 vera
1208 1157 1297 1206 eon·
1321 1171 1324 1178 ·

335 1243 526 1318 cinuerunt.
546 1239 647 1316 Unde
677 1241 777 1316 etiam
805 1240 967 1338 templum
994 1242 1026 1318 ei
1054 1241 1298 1330 constitutum,

335 1354 403 1428 dati
417 1352 605 1448 sacerdotes
618 1349 858 1438 Antoniniani,
872 1353 910 1424 dt
926 1349 1067 1441 sodales,
1082 1356 1120 1428 bc
1133 1352 1297 1444 flamines,

324 1467 374 1554 ,dt
395 1464 620 1559 omnia,quae
640 1463 682 1534 de
701 1461 830 1536 sacratis
848 1461 999 1536 decrevit
1021 1461 1209 1556 antiquitas.

374 1575 470 1648 XlX.
483 1571 589 1662 Aiunt
603 1570 751 1666 quidam,
765 1568 879 1666 (quod
890 1570 929 1642 δι
944 1569 1123 1642 verisunile
1140 1570 1295 1670 videtur)

336 1682 570 1756 Commodum
586 1676 830 1776 Antoninum,
844 1677 1063 1752 successorem
1086 1677 1176 1752 illius
1195 1705 1234 1754 ac
1254 1677 1296 1752 fi·
1416 1748 1419 1758 .

334 1791 441 1878 lium,
464 1812 535 1863 non
551 1787 615 1860 esse
636 1787 678 1860 de
696 1810 740 1864 eo
763 1805 902 1878 natum,
921 1785 976 1864 sed
993 1788 1034 1860 de
1053 1785 1240 1874 adulterim
1256 1813 1296 1862 ac
1422 1815 1423 1818 ¹

274 1921 280 1934 ’
334 1899 437 1972 talem
452 1897 618 1970 'fabellam
644 1895 774 1994 vulgari
795 1893 953 1970 sermone
981 1913 1192 1985 contexunt,
1212 1903 1295 1972 Fau·

328 1997 450 2076 ’Πίηειη
475 2003 668 2100 qnondam,
692 2002 741 2076 Pii
765 2001 887 2092 filiam,
908 2001 1016 2076 Marci
1036 2027 1196 2093 uxorem,
1217 2030 1293 2081 cum

333 2115 537 2214 gladiatores
565 2114 702 2186 transire
731 2113 884 2201 vidisset,
911 2113 1012 2188 unius
1037 2140 1078 2186 ex
1103 2115 1155 2188 his
1179 2141 1294 2190 amore

333 2221 542 2313 succensam,
557 2247 645 2314 ¹curn
668 2222 770 2319 longa
788 2222 986 2320 aegritud-ine
1005 2223 1194 2314 laboraret,
1215 2225 1294 2300 viro

332 2335 375 2406 de
392 2356 509 2406 amore
527 2330 705 2405 confessam
718 2360 727 2404 ε
739 2334 832 2428 quod
854 2358 929 2405 cum
947 2333 989 2405 ad
1003 2333 1185 2406 Chaldaeos
1204 2337 1294 2410 Mar·

333 2473 392 2520 cus
413 2443 595 2533 retulisset,
613 2443 753 2516 illorum
774 2441 867 2520 fuisse
884 2441 1081 2533 consilium,
1102 2447 1295 2532 ut,occiso
1385 2461 1386 2466 ’
1416 2499 1418 2503 ψ

233 2573 237 2581 ·
331 2554 538 2654 gladiatore,
549 2551 707 2650 sanguine
725 2550 815 2624 illius
830 2549 895 2622 sese
911 2549 1063 2623 Faustina
1083 2550 1294 2644 sublavaret,

332 2683 432 2758 atque
450 2660 497 2734 ita
520 2686 595 2734 cum
618 2661 696 2733 viro
726 2661 980 2734 concumberet.
998 2659 1093 2756 quod
1116 2686 1192 2736 cum
1214 2663 1295 2738 esset
1421 2749 1422 2756 ἵ

206 2837 209 2845 .
332 2773 454 2846 sadum
464 2825 475 2860 ,
485 2772 628 2844 solutum
637 2773 773 2868 quidem
786 2799 955 2859 amorem,
966 2762 1081 2846 natum
1094 2799 1179 2847 vero
1192 2775 1295 2849 Com·

332 2882 473 2956 modum
492 2880 710 2979 gladiatorem
732 2880 818 2970 esse,
833 2906 904 2974 non
922 2881 1131 2978 Principem
1146 2885 1205 2980 qui
1219 2885 1293 2959 mil·

327 2993 360 3066 le
373 3005 481 3089 prope
494 3015 621 3088 pugnas
630 2991 776 3086 publice,
787 2989 918 3086 populo
932 2988 1157 3086 inspedaute,
1169 2995 1292 3092 gladia·

330 3101 435 3188 turias
453 3102 639 3195 Imperator
657 3099 836 3187 exhibuit,
853 3120 892 3172 ut
914 3099 950 3172 in
971 3100 1042 3173 vita
1063 3101 1133 3194 ejus
1153 3103 1291 3177 docebi·
1420 3115 1421 3118 ’

328 3231 395 3286 tur.
415 3213 521 3304 Quod
538 3211 672 3306 quidem
694 3211 875 3285 verisimile
896 3238 937 3284 ex
955 3237 999 3285 eo
1020 3213 1180 3304 habetur,
1198 3217 1292 3312 quod

328 3337 398 3392 tam
415 3318 517 3392 sandli
536 3319 700 3416 Principis
722 3320 810 3393 filius
828 3321 879 3394 bis
899 3321 1050 3394 moribus
1066 3322 1150 3413 suit,
1171 3325 1292 3421 quibus

231 3429 234 3434 ’
330 3426 442 3499 nullus
466 3427 608 3515 lanista,
633 3429 742 3500 nullus
766 3428 933 3514 scenicus,
962 3430 1072 3504 nullus
1098 3433 1292 3522 arenarius,
1419 3447 1420 3486 f

328 3535 442 3608 nullus
455 3527 624 3631 postremo
639 3560 681 3607 ex
692 3535 844 3608 omnium
858 3535 1061 3610 dedecorum
1075 3563 1114 3610 ac
1131 3537 1290 3612 scelerum

329 3644 531 3718 colluvione
545 3665 735 3718 concretus.
746 3643 848 3714 Multi
856 3661 965 3718 autem
987 3643 1291 3734 serunt,Commo·

326 3753 409 3827 dum
431 3753 578 3830 omniuo
602 3777 646 3828 ex
666 3751 832 3852 adulterio
858 3773 998 3834 natum:
1020 3755 1181 3855 siquidem
1204 3762 1288 3834 Fau·
1418 3777 1419 3854 p
