2884 4828
329 371 394 443 118
470 369 569 442 AELH
593 368 758 440 LAMPR.
784 365 1060 442 COMMODUS
1086 369 1194 444 ΑΝΤ.
1272 397 1275 408 ·

204 555 208 572 ’
326 535 405 603 eiam
424 553 513 602 tuam
533 555 689 626 rogamus.
703 525 884 600 innocentes
899 529 1018 623 sepulti
1031 533 1190 626 nonsurrt.
1205 536 1286 604 Par·
1324 565 1327 570 ·

193 667 195 675 ⁴
272 733 276 743 ι
326 645 429 714 ricida
450 643 580 713 cadauer
596 642 750 710 erabauer.
768 639 938 710 Parricida
946 640 1089 734 sepultos
1104 645 1288 736 emitcpar·

327 753 429 820 ricida
451 753 584 820 cadaver
601 749 754 819 trabatur.

339 935 344 945 ,
375 859 458 930 ΧΧ.
479 860 615 929 Etcum
638 852 722 948 justu
744 852 931 930 Pertinacis
952 856 1074 929 Livius
1093 858 1286 949 Laurenfis,
1401 890 1405 896 ¹

325 979 530 1061 procurator
551 960 771 1056 patrimonii,
789 961 894 1036 Fabio
909 963 1056 1036 'Chiloni
1073 966 1204 1040 consuli
1227 967 1286 1040 de·

328 1077 458 1172 signato
478 1070 704 1166 dediffet,per
726 1071 859 1142 nouem
871 1074 1057 1145 Commodi
1077 1076 1224 1147 cadaver
1238 1077 1290 1147 se·

328 1183 461 1278 pultum
485 1180 545 1254 est.
561 1185 700 1257 Senatus
722 1180 945 1254 acclamavit:
969 1183 1043 1276 Quo
1065 1186 1182 1254 auclore
1191 1186 1290 1277 sepe·

329 1295 478 1366 lienem?
502 1295 671 1364 Parricida
688 1292 832 1385 sepultus
859 1313 985 1378 eruatur
997 1344 1008 1379 ,
1032 1297 1182 1366 trabatur.
1202 1293 1292 1364 cin-

330 1403 405 1498 gius
427 1403 572 1474 Severus
592 1399 699 1471 dixit:
722 1396 837 1498 Iniuste
852 1402 997 1492 sepultus
1018 1399 1065 1498 est.
1087 1401 1184 1492 Quia
1200 1403 1291 1472 Port-

330 1511 412 1602 tifex
427 1515 522 1600 dico,
540 1514 596 1580 boe
617 1510 775 1602 collegium
796 1511 988 1599 Pontificum
1016 1512 1102 1582 dicit.
1126 1511 1289 1602 Quoniam

331 1630 403 1694 laea
419 1621 597 1715 percensui,
619 1645 703 1690 nunc
722 1642 882 1690 convertar
903 1623 949 1699 ad
966 1615 1152 1718 neceffleria,
1171 1622 1289 1711 censeo·

331 1763 405 1830 que,
416 1736 500 1827 quod
511 1737 560 1821 is,
575 1732 629 1825 qui
641 1757 708 1801 non
730 1729 795 1828 nist
806 1734 850 1800 ad
857 1732 1023 1823 perniciem
1042 1733 1158 1802 ciuium
1172 1727 1229 1818 ,δ’
1248 1737 1294 1804 ad

331 1847 458 1916 dedecus
472 1843 570 1936 suum
590 1848 696 1930 uixit,
713 1846 752 1914 ob
774 1846 917 1914 bonorem
925 1846 1023 1935 ficum
1037 1846 1158 1916 decerni
1172 1849 1289 1939 coegit,

332 1957 503 2026 abolendas
511 1951 638 2053 statuas
648 1979 662 2024 .·
673 1981 738 2048 qua
749 1956 963 2046 undiqueficnt
976 1959 1149 2036 abolenda,
1160 1974 1293 2027 n‘omere·

333 2091 389 2157 que
410 2091 450 2134 ex
471 2066 616 2134 omuibus
633 2067 772 2156 privatis
789 2064 979 2156 publicisque
1002 2069 1208 2137 monumentis
1223 2094 1292 2136 era-

320 2177 469 2246 dendum
481 2198 496 2244 .·
510 2174 680 2268 mensesque
700 2176 748 2243 bis
768 2177 949 2245 nominibus
963 2178 1210 2267 nuncupandos,
1222 2178 1292 2268 qui·

334 2286 392 2355 bus
406 2287 685 2378 nuncupabantur,
701 2312 770 2356 cum
781 2289 922 2379 primum
937 2289 1020 2356 illud
1033 2290 1152 2358 malum
1164 2286 1199 2356 irc
1212 2309 1292 2358 rem-

277 2499 278 2503 *
329 2400 490 2489 publicam
509 2399 658 2470 incubuit.
700 2405 708 2414 '

696 2741 936 2782 ’.θ’-’5
