2932 4824
289 355 665 432 uurouruus
702 357 917 442 essu,
990 385 1058 462 203

96 519 140 594 tis
160 522 259 595 Getae
271 507 425 594 itatalem
444 491 594 596 Severus
608 520 848 596 commendare
862 519 986 614 vellet,
998 523 1062 599 ho·

95 628 194 703 sliam
208 653 301 727 popa
318 628 460 704 nomine
471 629 668 703 Antoninus
683 629 855 727 percussit:
868 632 965 730 quod
981 653 1063 708 tunc

95 766 164 814 nec
178 742 376 841 quaesrtum,
393 765 456 817 nec
469 740 756 834 animadversum,
772 739 848 840 poll
864 765 951 822 vero
961 741 1064 824 intel·-¹

94 850 310 952 leslumest„
697 853 704 863 ’
962 919 963 924 ,

146 963 207 1034 IV.
221 960 296 1032 Fuit
308 959 502 1034 adolescens
515 957 667 1035 moribus
683 957 826 1056 asperis,
839 959 896 1034 sed
910 983 983 1036 non
996 957 1064 1034 int·

94 1067 182 1166 piis,
199 1093 219 1141 a
239 1087 359 1144 natura
377 1071 546 1160 decorus,
569 1061 750 1162 tractator,
773 1070 934 1165 gulosus,
962 1071 1063 1167 cupi·
1111 1081 1113 1084 ’

93 1177 159 1248 dus
173 1178 329 1252 ciborum
345 1181 383 1253 δι
399 1180 474 1254 vini
489 1179 582 1252 varie
596 1177 739 1252 conditi.
753 1175 862 1270 Hujus
882 1177 964 1250 illud
977 1201 1062 1275 pue·

92 1283 125 1356 ri
145 1283 252 1358 fertur
271 1286 421 1381 insigne,
442 1286 537 1382 quod
559 1285 764 1359 cum'vellet
782 1285 929 1382 partium
952 1288 1063 1360 diver·

92 1393 206 1466 sarum
227 1391 325 1466 viros
342 1396 486 1469 Severus
505 1391 688 1484 occidere,=
708 1395 746 1467 bc
763 1393 852 1466 inter
872 1389 951 1466 suos
971 1392 1061 1468 dice·

92 1520 173 1588 ret,
191 1502 301 1605 Hostes
319 1505 406 1575 uobis
422 1506 520 1599 eripio
529 1533 546 1592 ,·
563 1501 837 1602 consentiretque
853 1503 940 1576 adeo
956 1501 1062 1600 usquc

91 1608 284 1700 Baffianus,
305 1627 481 1682 uteorum
500 1609 599 1684 etiam
620 1610 766 1701 liberos,
782 1611 807 1684 s1
823 1610 884 1684 srbi
904 1609 1063 1686 consule·

93 1737 167 1809 ret,
192 1721 318 1794 diceret
338 1722 566 1797 occidendos:
591 1725 679 1832 Getn
699 1721 915 1822 interrogasse
936 1721 1062 1814 fertur,
1176 1751 1179 1760 ·

93 1849 244 1927 quantus
266 1832 347 1908 esset
370 1833 686 1910 interficiendorum
714 1833 891 1910 numerus:
914 1859 1063 1934 cumque
1179 1861 1181 1866 ⁴

93 1942 228 2016 dixisset
247 1961 371 2040 paterr
385 1943 443 2018 ille
467 1945 713 2046 interrogauit,
735 1949 790 2049 Isti
813 1951 927 2020 habent
943 1973 1073 2046 paren-¹

94 2078 162 2142 res,
185 2055 296 2126 babent
307 2059 528 2150 propinquos?
555 2081 633 2128 curn
657 2055 852 2150 responsum
875 2055 974 2145 effer,
1003 2059 1062 2128 ha·

93 2164 175 2233 bere
204 2164 417 2259 complures:
435 2169 524 2260 Ergo
544 2168 581 2236 in
602 2167 745 2252 civitate,
764 2162 831 2252 ait,
848 2169 953 2256 plures
972 2188 1061 2236 emur

93 2274 210 2372 tristes,
228 2303 321 2368 quam
344 2279 409 2348 lori
420 2327 432 2362 ,
444 2279 531 2370 quod
550 2277 693 2346 uicimus.
717 2275 760 2344 Et
777 2271 973 2346 obtinuisset
989 2272 1061 2365 ejus

26 2381 32 2394 '
95 2380 351 2471 sententia‚nifi
364 2383 554 2456 Plautianus
565 2381 744 2457 Praefettus
758 2381 813 2456 vel
826 2378 997 2463 Juvenalis
1008 2380 1062 2452 in·
1146 2383 1148 2388 ’
1228 2473 1231 2480 Δ

92 2492 244 2566 llitislent
261 2493 318 2590 spe
331 2491 637 2592 proscriptionum,
653 2517 697 2566 ex
718 2492 843 2588 quibus
862 2489 958 2563 ditati
974 2489 1061 2563 sunt.

93 2606 157 2678 His
167 2607 353 2678 ¹accedebat
371 2604 510 2678 Bassiani
527 2604 637 2680 fratris
655 2603 760 2675 nimia
780 2600 977 2675 crudelitas:
996 2599 1058 2699 qui

95 2741 174 2788 cum
193 2713 425 2798 contenderet.
438 2713 478 2787 &
491 2712 617 2787 diceret
629 2708 720 2810 quast
735 2709 837 2805 joco,
848 2709 939 2807 quast
952 2708 1060 2800 serio,

95 2847 217 2898 omnes
229 2849 305 2897 cum
321 2822 434 2896 liberis
449 2822 658 2898 occidendos
673 2822 817 2917 partium
832 2819 1061 2910 diversarum,

94 2941 184 3008 Geta
208 2936 239 3006 ei
261 2934 379 3007 dixlsl'e
394 2935 540 3025 dicitur,
563 2939 631 3022 Tu,
655 2935 710 3029 qui
728 2935 810 3005 nulli
828 2925 950 3027 parcis,
969 2955 1061 3026 putes

96 3051 190 3116 eriam
202 3043 336 3134 fratrem
353 3045 496 3116 occidere.
511 3045 605 3140 quod
625 3041 750 3116 dislum
768 3040 840 3135 ejus
854 3059 937 3118 tunc
954 3041 1059 3132 nihil,

94 3151 171 3247 posl
188 3174 273 3222 vero
289 3149 450 3247 praesagio
464 3149 540 3222 fuit.

144 3263 188 3332 V.
209 3259 284 3331 Fuit
300 3258 335 3330 in
357 3257 463 3331 literis
487 3257 693 3356 assequendis
720 3260 759 3333 δι
781 3275 882 3332 tenax
902 3275 1057 3334 veterum
1175 3317 1177 3322 .

95 3369 319 3465 scriptorum,
334 3371 598 3465 &paternarum
616 3368 716 3442 etiam
730 3368 966 3442 sententiarum
984 3362 1059 3440 nie·

94 3505 192 3571 mor,
212 3479 307 3556 fratri
325 3480 454 3578 semper
470 3480 598 3558 invisus
612 3535 623 3571 ‚
639 3482 736 3555 matri
752 3480 945 3565 amabilior,
957 3504 1056 3575 quam
1148 3571 1151 3578 Ι

95 3589 219 3678 frater,
234 3589 410 3675 subbalbe,
425 3610 535 3664 tamen
550 3613 704 3668 canorus.
721 3590 867 3663 Vellitus
880 3585 975 3658 nitidi
994 3611 1057 3660 cu·

95 3697 299 3791 pidisiimus,
319 3698 366 3771 ita
384 3716 423 3771 ut
440 3697 526 3794 patri
549 3699 698 3772 doleret:
715 3699 739 3778 fi
756 3699 837 3795 quid
859 3689 1057 3792 acciperes'a

96 3807 336 3907 presentibus,
358 3806 392 3881 id
415 3808 456 3882 ad
478 3807 581 3882 suum·
600 3805 744 3884 contulit
768 3805 1055 3901 cultum,1neque
