2856 4824
280 317 555 412 ruroumus
583 319 940 394 muneramus.
1026 349 1091 414 241
1217 401 1219 406 ,

139 497 211 558 tum
229 479 391 578 designati
409 479 511 554 elsent
531 473 717 567 Consules,
739 479 852 557 noluit
874 505 950 553 cum
971 487 1097 556 conso-

138 591 242 666 brino
259 592 451 687 procedere.
467 587 520 664 Ad
535 593 723 662 extremum
739 615 815 662 curn
830 591 860 662 ei
877 592 949 664 avia
970 597 1007 670 &
1024 625 1098 675 tna.

139 717 192 773 ter
210 700 376 790 dicerent,
389 697 564 774 imminere
583 697 704 774 milites
718 701 761 772 ad
776 699 849 794 ejus
864 704 1024 795 exitium,
1039 711 1099 787 nist

139 809 363 882 concordiam
376 808 532 882 viderent
546 807 634 882 inter
645 806 678 880 se
690 808 996 904 consobrinorum,
1010 815 1098 889 sum·

140 936 176 992 ta
196 935 376 1013 praetexta,
394 918 478 990 bota
496 915 562 992 diei
580 915 670 988 sexta
689 916 845 1012 proceffit
859 919 902 990 ad
918 921 1109 1016 Senatum„

142 1025 217 1100 avia
238 1026 294 1098 sua
314 1027 355 1098 ad
376 1025 533 1098 Senatum
559 1043 702 1113 vocata,
722 1026 761 1099 dc
779 1026 821 1098 ad
841 1024 951 1100 sellam
969 1033 1100 1125 produ·

141 1138 203 1211 ua.
227 1135 363 1217 Deinde
392 1135 426 1209 in
458 1132 668 1230 Capitolium
692 1134 734 1206 ad
765 1151 849 1206 vota
875 1126 1101 1232 concipienda

142 1251 181 1320 dt
197 1243 399 1342 perficienda
413 1243 573 1317 solemnia
590 1243 639 1316 ire
658 1241 789 1316 noluit:
805 1244 920 1317 omnia
936 1273 996 1342 per
1011 1251 1104 1324 Prae·-

142 1356 266 1430 fedlum
284 1355 452 1436 urbanum
462 1351 544 1428 faula
556 1349 649 1445 lunt,
662 1351 753 1452 quasi
766 1353 931 1466 Consules
946 1355 1016 1432 illic
1030 1383 1101 1433 non
1179 1351 1185 1370 ⁸

143 1466 259 1542 ellent'.

186 1561 288 1650 'xv1.
303 1575 381 1651 Nec
388 1575 515 1650 distulit
527 1577 651 1652 cedem
663 1563 878 1653 consobrini:
891 1579 946 1652 sed
956 1579 1075 1657 timens
1091 1637 1105 1672 ,

144 1711 190 1760 ne
208 1687 348 1763 Senatus
368 1687 409 1759 ad
427 1686 570 1786 aliquem
591 1681 635 1767 le(
645 1687 843 1778 inclinaret,
859 1689 883 1761 li
902 1689 959 1763 ille
979 1692 1108 1764 conso·

143 1796 282 1870 brinum
301 1794 494 1884 occidillet,
515 1793 605 1897 juffit
622 1795 734 1869 subito
754 1798 908 1870 Senatum
927 1800 1021 1874 Urbe
1045 1803 1105 1874 de·
1206 1853 1207 1862 κ

144 1906 284 1980 cedere:
306 1905 490 2002 omnesque
510 1906 761 2004 etiam,qurbus
773 1925 833 1980 aut
850 1908 1029 1998 vehicula,
1046 1930 1104 1986 aut

144 2016 237 2092 servi
255 2018 411 2107 deerant,
428 2015 540 2090 subito
557 2015 726 2112 proficisci
745 2015 818 2111 juffi
838 2016 936 2105 sunr3
952 2045 1028 2096 eum
1048 2021 1106 2093 alii

144 2151 208 2224 per
223 2127 374 2220 bajulos,
394 2125 451 2199 elii
470 2151 531 2223 per
551 2126 693 2198 fortuita
711 2125 868 2198 animalia
891 2129 930 2201 δι
949 2131 1107 2204 mercede

119 2305 123 2312 .
146 2239 313 2316 conduda
329 2235 541 2310 veherentur.
558 2235 714 2308 Sabinum
734 2233 954 2310 Consularem
972 2239 1107 2329 virum,

130 2341 191 2424 xad
215 2375 314 2447 quem
336 2347 442 2423 libros
467 2345 635 2444 Ulpianus
662 2344 806 2444 scriplit,
831 2347 924 2442 quod
951 2345 986 2418 in
1013 2349 1108 2422 Urbe

147 2456 370 2544 remansrllet,
383 2476 511 2529 vocato
533 2453 752 2543 centurione,
766 2453 979 2528 mollioribus
996 2453 1108 2529 verbis
1126 2523 1131 2530 .
1152 2482 1155 2490 ¹

146 2566 240 2665 juffir
262 2565 385 2642 occidi.
402 2566 466 2641 Sed
488 2564 668 2652 centurio,
685 2587 767 2637 aure
790 2563 946 2655 surdior,
964 2560 1108 2660 imper'a-

147 2677 180 2750 ri
205 2677 264 2756 tibi
286 2675 446 2760 credidit,
473 2693 510 2748 ut
533 2674 628 2747 Urbe
650 2673 851 2768 pelleretur;
871 2674 993 2772 itaque·
1016 2673 1106 2752 fecit.
1195 2657 1201 2676 ⁴

148 2783 337 2859 sevitium
359 2783 568 2858 centurionis
589 2783 716 2857 Sabino
736 2783 831 2858 saluti
851 2783 926 2858 fuit.
943 2785 1108 2858 Removit

59 2969 62 2974 ,
97 2951 103 2976 t
149 2899 190 2972 δι
207 2895 392 2992 Ulpianum
407 2893 681 2991 jurisconsultum
690 2919 754 2986 ,ut
771 2895 903 2995 ‚bonum
923 2896 1055 2969 virum:
1071 2901 1110 2972 δε
1196 2898 1202 2911 ‘

149 3005 323 3079 Silvinum
343 3003 535 3096 rhetorem,
556 3027 655 3102 quem
675 3003 872 3101 magistrum
894 3002 1034 3077 Caelaris
1058 3001 1109 3076 fe·

55 3209 57 3216 ¹
149 3130 254 3188 cerat.
269 3117 311 3184 Et
322 3112 474 3186 Silvinus
489 3112 626 3209 quidem
640 3110 772 3186 occisus
784 3110 847 3202 eli,
861 3110 1026 3207 Ulpianus
1044 3136 1108 3184 ve-

149 3249 196 3298 ro
212 3223 409 3313 reservatus.
427 3223 491 3308 Sed
513 3221 655 3309 milites,
669 3222 707 3296 δι
726 3219 877 3320 maxime
895 3219 1110 3318 pretoriani,
1192 3246 1196 3254 ¹

152 3335 213 3405 vel
233 3333 397 3422 scientes,¹
417 3358 494 3430 quae
515 3333 600 3404 mala
631 3330 666 3402 in
689 3330 943 3429 Heliogabalum
964 3336 1114 3426 paraue-

152 3462 250 3531 rant,
270 3444 326 3518 vel
339 3444 441 3542 quod
461 3441 521 3516 fibi
545 3441 700 3515 viderent
719 3437 903 3528 invidiam,
922 3435 1007 3510 faeta
1022 3461 1111 3512 con·

29 3551 34 3560 ’
153 3551 338 3646 spiratione
350 3553 390 3625 ad
410 3550 613 3632 liberandam
633 3549 895 3646 rempublicam,
910 3547 1056 3642 primurn
1073 3547 1126 3620 in,

156 3661 314 3740 conscios
337 3662 435 3736 vario
453 3685 574 3759 genere
593 3657 733 3751 mortis,
748 3683 826 3736 cum
845 3658 930 3732 alios
952 3654 1114 3734 vitalibus
1138 3708 1145 3716 f

165 3826 170 3832 -
228 3777 355 3868 Scriptt.
375 3775 423 3848 H.
447 3778 495 3848 A.
854 3769 891 3864 Q
