2932 4824
230 287 248 330 ⁷
279 320 556 426 Autumnus
583 343 903 424 nuuuuuuus.
1003 301 1090 450 223·¹
1238 297 1249 312 ’

105 513 262 590 eoelestis
285 511 447 602 emicuit,
461 531 505 612 ut
528 527 695 584 amaretur
717 508 760 582 ab
785 491 944 588 omnibns
968 513 1074 608 gratia
1160 507 1161 514 '

103 625 307 728 venustatis.
326 622 512 714 blaesum,
527 647 602 719 quar
623 621 665 694 de
684 619 829 718 imperio
845 621 1075 718 pueri‘dicen-

103 741 153 812 da
173 739 308 837 putavi.
325 739 427 812 Nunc
444 733 620 810 veniamus
633 732 674 804 ad
693 731 810 806 omina
828 730 982 827 imperii,
997 755 1075 826 quae

104 853 193 922 culn
207 848 242 921 in
257 847 349 939 aliis,
367 866 438 920 turn
453 846 488 918 in
503 847 572 920 hoc
583 844 753 940 praecipue
764 844 840 918 sunt
856 839 1027 940 stupenda.

163 955 310 1038 1V.,Die
321 1009 333 1045 ,
344 957 410 1052 qua
424 957 520 1028 natus
532 951 598 1042 est,
608 968 702 1048 pater
720 949 792 1044 ejus
807 977 989 1048 purpuras,
1000 943 1094 1027 tutn'

104 1065 205 1142 sorte
223 1085 429 1166 procurator
448 1064 514 1160 jam
538 1062 647 1136 aerarii
671 1060 833 1156 majoris,
855 1063 1019 1161 inspexit,
1037 1068 1077 1141 &

104 1202 199 1275 quas
220 1169 525 1274 clans'probavit,
547 1172 584 1244 in
605 1171 641 1243 id
667 1173 834 1250 conalave'
854 1174 960 1271 redigi
987 1199 1077 1272 prae·

103 1287 204 1382 cepit
213 1285 285 1376 {in
308 1308 380 1382 quo
401 1281 478 1380 poll
497 1281 580 1354 duas
601 1280 957 1360 horasDiadumenus
980 1304 1077 1360 natus
1132 1276 1135 1280 ¹

104 1397 174 1468 est.
200 1397 320 1489 Solent
345 1391 583 1499 deindeppueri
614 1393 707 1491 pileo
735 1393 886 1492 infiguiri
915 1398 1077 1490 naturali,

104 1501 589 1610 quodoblletriees·rapi11nt‚
603 1507 640 1579 δι
651 1503 827 1578 advocatis
839 1505 983 1581 credulis
994 1531 1077 1582 ven·

104 1615 221 1702 dunt,
244 1613 406 1712 liquidem
427 1611 586 1688 causidici
609 1612 677 1686 hoc
704 1609 819 1707 juvari
843 1613 1018 1690 dicuntur:
1042 1634 1077 1690 at

105 1725 174 1800 isle
193 1748 276 1822 puer
301 1717 427 1821 pileum
447 1749 520 1798 uon
542 1721 659 1798 habuit
674 1773 685 1813 ,
703 1723 758 1798 sed
783 1723 933 1798 diadema
953 1744 1077 1816 tenue,

35 1825 39 1834 ¹
108 1832 170 1904 sed
186 1831 232 1906 ita
251 1831 341 1905 sorte
350 1885 363 1920 ,
381 1831 419 1906 ut
437 1829 550 1927 rumpi
567 1856 641 1922 non
662 1833 834 1930 potuerit,
857 1835 956 1910 venis
973 1835 1078 1910 inter-

107 1943 310 2019 cedentibus
330 1943 439 2040 specie
455 1941 554 2019 nervi
577 1941 746 2041 sagittarii.
762 1948 887 2018 Ferunt
912 1945 1078 2044 denique,

59 2069 61 2074 '
108 2057 345 2128 Diadematum
362 2078 501 2149 puerum
523 2055 745 2149 appellatum,
760 2053 814 2126 sed
827 2056 886 2126 ubi
901 2055 1077 2146 adolevit,
1156 2142 1168 2165 x

108 2161 171 2233 aui
198 2161 257 2234 sni*
274 2160 421 2233 nomine'
441 2159 606 2246 materni,
630 2162 871 2248 Diadumenum
896 2184 1077 2250 vocatum

109 2271 273 2366 quamvis
286 2294 358 2343 non
379 2269 523 2341 multum
538 2258 753 2339 abhorruerit
768 2269 810 2341 ab
823 2267 884 2342 illo
899 2269 994 2368 signo
1007 2273 1077 2344 dia-

109 2373 255 2452 dematis
268 2400 395 2450 nomen
410 2375 629 2448 Diadumeni
642 2379 681 2448 ln
696 2399 780 2473 agro
793 2375 896 2473 patris
907 2377 979 2474 ejus
991 2403 1079 2452 oves

110 2512 300 2585 purpureas
313 2487 494 2560 duodecim
507 2484 621 2558 ferunt
634 2501 746 2573 natas,
762 2511 904 2583 quarum
920 2512 987 2560 una
1003 2495 1077 2562 tari-

108 2622 186 2678 turn
202 2605 297 2676 vatia
309 2583 422 2676 suerit.
435 2599 555 2670 Eadem
569 2598 636 2689 die,
649 2625 717 2697 qua
731 2597 787 2672 hie
800 2615 898 2672 natus
913 2599 1078 2696 est‚aqui·
1100 2639 1110 2651 ι

107 2713 227 2786 lamet
250 2711 380 2786 conllat
398 2709 512 2781 senfim
535 2708 731 2804 palumbum
749 2707 877 2818 regium
895 2711 1075 2805 parvulum

109 2819 281 2911 attulisse,
302 2821 340 2894 δι
364 2815 558 2913 posuissem
577 2818 672 2890 cunis
691 2789 896 2910 dormienti,
915 2843 955 2894 ac
970 2819 1078 2894 reces-
1169 2859 1173 2864 ·

108 2928 183 3000 sisse
198 2927 266 3000 fine
287 2951 392 3000 noxa
413 2924 639 3023 Panthagati
629 2950 679 2996 ιιι
677 2926 793 2999 domo
812 2929 918 3024 patris
934 2927 1005 3024 ejus
1019 2929 1076 3006 ni·
1120 2953 1122 2962 ’

110 3043 194 3111 dunt
210 3039 406 3134 posuerunt
729 3099 733 3111 ,
889 3081 894 3098 ι

161 3150 206 3222 V.
218 3146 290 3219 His
311 3144 444 3231 diebus,
463 3141 587 3264 quibus
605 3139 662 3214 ille
683 3159 780 3217 natus
800 3143 867 3233 est,
888 3088 1074 3223 matbema·
1093 3131 1098 3145 ’
1145 3167 1146 3172 ’

109 3257 173 3330 tici
182 3248 1075 3355 ‚acceptagenituraejus,exclamaverunt,&ipsum

28 3381 31 3386 '
110 3367 221 3441 filium
236 3365 451 3462 Imperatoris
466 3367 543 3448 esse,
553 3369 589 3438 δι
601 3364 708 3462 ipsum
721 3369 1075 3465 Imperatoremrquasr
1093 3443 1094 3448 ,

109 3497 219 3550 mater
244 3476 317 3571 ejus
335 3477 516 3550 adulterata
546 3476 643 3565 esset,
664 3477 759 3574 quod
786 3477 874 3552 fama
900 3476 1074 3551 retinebat.
1183 3511 1185 3516 2

111 3590 202 3664 Huic
217 3590 326 3663 eidem
343 3590 459 3690 aquila*
474 3590 599 3686 pileum
610 3577 655 3662 in
676 3614 758 3688 agro
775 3587 958 3664 ambulanti
978 3588 1076 3663 tulit:

111 3702 152 3774 δι
179 3725 255 3773 cum
278 3702 445 3775 comitum
461 3700 608 3782 'infantis
631 3702 759 3776 clamor
783 3699 862 3771 esset
886 3697 1010 3788 faetus,
1036 3697 1073 3770 in
1155 3693 1158 3700 ’

111 3829 339 3885 monumento
355 3813 448 3911 regio
457 3863 470 3905 ,
486 3812 582 3912 quod
597 3809 690 3906 juxta
708 3807 825 3890 rillarn
840 3807 919 3884 esset
922 3807 987 3902 ,in
1008 3831 1074 3908 qua
