2856 4824
366 317 438 400 ⁷282
523 317 698 394 'AELII
746 318 1212 392 LAMPRIDII·

365 451 537 570 literatas,
557 482 681 578 quibus
704 479 737 551 se
759 503 902 553 recrearr
891 476 1056 553 dicebat
1072 483 1112 554 dt
1137 479 1238 576 pasci.
1259 479 1330 554 Has

364 590 486 682 bebat,
507 615 586 664 curn
609 586 774 692 privatim
792 586 1057 673 convivaretur,
1076 590 1114 663 δι
1139 580 1304 661 librum
1294 615 1328 662 rn

363 701 500 791 mensa,
518 702 558 775 &
579 698 730 797 legebar,
749 683 804 771 sed
830 701 950 772 Graeca
971 697 1086 797 magis.
1107 699 1250 772 Latinos
1270 725 1328 772 au-

228 871 230 876 ,
364 831 432 881 rem
452 827 570 906 poetas
590 807 769 882 lectitabat.
791 807 935 883 Publico
952 809 1125 885 convivio
1143 835 1181 884 ea
1198 811 1328 910 srmpli·

364 916 464 992 citare
482 917 573 1014 egit,
589 941 657 1012 qua
677 917 842 1011 ‚privar03
860 917 920 991 nisr
935 921 1031 1016 quod
1052 944 1209 994 numerus
1230 945 1329 994 accu-

267 1074 270 1080 λ
364 1027 516 1102 bantium
537 1026 724 1119 crescebat,
742 1031 780 1104 δι
795 1029 978 1102 multitudo
997 1033 1325 1130 convivarum,qua

215 1221 218 1228 .
361 1139 422 1214 ille
453 1137 708 1230 offendebatur,
722 1139 870 1231 dicens,
893 1139 927 1213 se
952 1139 989 1214 in
1019 1142 1151 1218 theatro
1170 1144 1326 1218 &circo

363 1253 577 1326 manducare.

313 1438 315 1448 ,
424 1363 576 1436 XXXV.
599 1363 826 1436 Oratores&
850 1379 988 1458 poetas,
1012 1383 1084 1436 non
1096 1359 1158 1433 fibi
1171 1377 1325 1460 panegyr-¹

306 1484 311 1501 ¹
363 1469 456 1544 ticos
469 1470 630 1561 dicentes,
648 1469 761 1570 (quod
772 1469 931 1563 exemplo
946 1467 1044 1566 Nigri
1056 1467 1228 1542 Pescennii
1242 1469 1324 1541 stul·

363 1598 436 1652 tum
457 1579 609 1680 dicebat)
632 1580 686 1655 sed
706 1600 764 1654 aut
783 1579 958 1654 orationes
980 1579 1182 1671 recitantes,
1199 1600 1257 1653 aut
1273 1581 1324 1652 sa·
1405 1609 1406 1612 ¹

363 1689 415 1760 &a
432 1683 611 1780 ueterum,
635 1717 723 1791 quos
748 1709 824 1765 ante
851 1689 972 1777 retuli,
1001 1689 1145 1762 libenter
1170 1687 1321 1761 audivit:
1397 1709 1407 1770 t

363 1795 524 1872 libentius
538 1817 671 1888 tamen,
690 1800 715 1870 sr
733 1799 807 1896 quis
825 1796 856 1871 ei
876 1795 1035 1871 recitauit
1049 1796 1232 1870 Alexandri
1254 1799 1323 1868 Ma·

363 1902 422 2001 gni
435 1903 565 1993 laudes,
582 1923 639 1978 aut
652 1905 832 1978 meliorum
851 1923 943 1976 retro
959 1903 1169 1999 Principum,
1182 1921 1240 2000 aut
1255 1929 1323 1975 nra·
1354 1953 1356 1960 -

363 2039 510 2116 gnorum
526 2015 620 2091 urbis
635 2017 756 2090 Roma
774 2016 938 2089 virorum.
957 2019 1008 2089 Ad
1029 2017 1247 2100 Athenaeum,
1263 2039 1323 2088 au·
1407 2067 1408 2080 r

362 2124 563 2198 diendorum
583 2127 843 2200 &Graecorum
863 2128 903 2200 δι
923 2125 1121 2199 Latinorum
1146 2124 1322 2196 rhetorum
1407 2081 1409 2186 l

362 2233 422 2308 vel
441 2243 615 2331 poetarum
637 2235 754 2320 causa,
772 2232 964 2330 frequenter
987 2232 1157 2329 processit.
1178 2231 1324 2306 Audiuit

288 2399 305 2422 .
361 2363 472 2428 autem
499 2344 597 2418 eriam
624 2341 773 2418 forenses
802 2362 959 2418 oratores
985 2344 1097 2417 causas
1126 2343 1323 2431 recitantes,

1402 2535 1408 2584 r

361 2478 443 2552 quas
467 2453 524 2528 vel
551 2454 646 2550 apud
667 2452 798 2550 ipsum,
821 2455 879 2526 vel
902 2454 990 2550 apud
1016 2450 1195 2526 Preteuos
1223 2454 1324 2528 Urbis
1407 2491 1408 2506 κ

360 2579 506 2662 egerant.
522 2560 636 2660 Agoni
654 2560 825 2658 presedit,
843 2563 882 2636 dt
904 2555 1049 2635 maxime
1074 2562 1267 2652 Herculeo,
1289 2562 1324 2634 in

361 2674 530 2746 honorem
552 2671 665 2768 Magni
686 2671 883 2746 Alexandri.
908 2671 1008 2744 Solus
1031 2671 1114 2768 post
1129 2668 1323 2760 meridiem,

361 2780 420 2854 vel
440 2778 611 2854 matutinis
632 2779 725 2854 horis
751 2779 882 2852 idcirco
914 2803 1086 2876 nunquam
1108 2779 1242 2878 aliquos
1267 2778 1323 2851 vi·

360 2889 477 2980 debat,
501 2889 595 2989 quod
625 2889 806 2963 ementitos
828 2889 870 2962 de
900 2887 933 2963 se
955 2890 1060 2964 multa
1089 2910 1324 2986 cognoverat.

354 2999 527 3096 speciatim
552 3000 757 3073 Verconium
778 2999 969 3074 Turinum:
993 3021 1094 3098 quem
1119 3025 1196 3074 curn
1223 3000 1322 3073 sami·

357 3111 473 3184 liarem
496 3109 678 3201 habuisset,
695 3111 752 3184 ille
773 3110 888 3184 omnia
909 3113 967 3184 vel
992 3109 1167 3210 lingendo
1173 3100 1220 3186 sic
1238 3135 1324 3186 ven·
1406 3156 1407 3236 p

358 3219 508 3308 diderat,
521 3235 559 3291 ur
571 3219 752 3296 Alexandri
756 3221 870 3317 ,quasi
887 3218 976 3293 stulti
994 3221 1155 3311 hominis,
1166 3223 1204 3296 dt
1220 3244 1323 3317 quem

358 3326 469 3401 illem
489 3326 650 3423 poteslate
670 3329 828 3418 haberet,
840 3333 878 3405 dt
896 3353 952 3404 cur
941 3329 1075 3406 mulra
1088 3328 1322 3428 persuaderet,
1405 3419 1406 3430 χ

316 3537 318 3544 ⁴
358 3438 535 3513 infamaret
555 3439 754 3536 imperium:
776 3442 888 3540 sicque
911 3442 1070 3517 omnibus
1095 3442 1325 3540 persuaserat,
1405 3435 1406 3490 3

358 3549 454 3648 quod
471 3551 513 3620 ad
534 3573 657 3624 nurum
678 3551 772 3623 suum
796 3551 911 3624 omnia
931 3549 1067 3626 faceret.

317 3663 321 3671 '
408 3657 574 3731 XXXVI.
597 3659 758 3757 Denique
781 3662 844 3735 hac
870 3659 964 3735 illum
989 3679 1060 3734 arte
1082 3659 1320 3756 deprehendit,
1404 3707 1405 3762 r

360 3779 398 3845 ut
418 3765 585 3861 quendam
601 3767 817 3862 immitteret,
833 3767 893 3870 qui
914 3769 979 3847 ase
1002 3770 1162 3872 quiddam
1183 3770 1320 3870 publice
