2782 4814
389 382 435 458 ιε
503 311 632 456 “otu
658 379 898 453 seruntur
922 379 1203 458 utonrtuun

386 545 531 620 senatum
551 541 684 617 ululans
701 541 796 616 venit
809 568 819 614 r
833 559 954 616 contra
977 565 1078 641 quem
1095 542 1282 616 Hadrianus
1300 540 1343 618 ita

385 671 502 734 morus
514 651 582 743 est,
602 652 694 750 quafi
706 651 748 724 de
761 648 814 724 sua
825 671 936 724 morte
948 650 1145 749 loqueretur
1157 679 1170 740 ;
1183 677 1259 726 cum
1273 652 1343 745 ejus

386 762 492 840 verba
514 760 627 842 nullus
640 757 844 857 agnosceret.
861 760 951 832 ldem
967 785 1045 832 cum
1062 760 1166 834 vellet
1177 760 1213 833 in
1230 761 1341 836 senatu

386 871 517 962 dicere,
535 871 612 971 Post
622 873 690 964 filii
708 872 768 942 mei
781 868 906 942 mortim
912 898 929 955 ,·
950 871 1029 972 Post
1035 895 1159 942 monem
1177 897 1276 943 meam
1290 871 1341 944 di·

384 980 448 1053 xit.
467 978 659 1052 Sournievit
678 997 859 1074 preterea,
875 977 907 1050 se
925 1001 945 1050 a
965 996 1057 1074 patre
1084 976 1262 1076 potionem
1288 977 1341 1050 so·

385 1085 570 1184 potiferanr
595 1084 792 1182 impetrasse.
812 1085 893 1162 irent
917 1085 1124 1180 somniavit,
1145 1112 1165 1161 a
1183 1087 1286 1162 leone
1313 1086 1339 1159 se

386 1194 579 1292 oppreffurn
598 1193 674 1270 effe.
713 1286 715 1299 Ι

432 1303 1063 1380 xxv11.1nmorruumeumamunis
1078 1303 1182 1378 rnulta
1198 1305 1277 1376 sunt
1292 1303 1338 1378 di·'

386 1415 446 1490 &o
458 1415 540 1488 Arra
552 1413 623 1510 ejus
635 1413 731 1488 irrita
747 1415 819 1488 fieri
837 1416 966 1490 senatus
980 1407 1131 1490 volebat.
1148 1439 1212 1488 nec
1231 1413 1339 1512 rupel-

384 1525 472 1598 larus
493 1524 573 1598 effer
593 1529 730 1616 Divus,
750 1526 819 1614 niti.
838 1526 1036 1600 Antoninus
1060 1526 1215 1628 rogaffet.
1238 1529 1337 1598 Tern-

384 1636 479 1732 plum
493 1633 637 1732 denique
647 1635 678 1707 ei
689 1687 701 1719 ‚
714 1659 777 1730 pro
794 1633 968 1731 sepulcro,
981 1637 1069 1733 opud
1081 1637 1242 1710 Puteolos
1258 1661 1337 1710 con·

385 1740 512 1830 stituit,
533 1738 572 1815 δι
592 1741 841 1840 quinquennale
865 1761 1055 1834 certamen,
1068 1745 1106 1820 δι
1120 1743 1337 1831 flamines,&

384 1846 588 1936 sennen&
602 1849 706 1920 multa
720 1848 808 1937 alia,
832 1873 908 1945 quae
923 1848 964 1920 ad
983 1848 1154 1923 honorem
1175 1845 1266 1948 quini
1280 1875 1336 1922 nu·

384 1955 484 2030 minis
512 1957 728 2055 pertinerent.
748 1985 817 2057 qua
842 1983 907 2048 re,
933 1974 972 2032 ut
1003 1958 1099 2055 supra
1122 1960 1249 2036 diuum
1273 1959 1336 2054 est,

246 2064 253 2072 ’
384 2061 483 2140 multi
503 2083 647 2165 putant,
666 2066 881 2144 Antoninum
900 2066 997 2144 Pium
1017 2068 1153 2148 diffirm.
1337 2083 1341 2092 '
