2786 4830
272 353 352 458 ss
486 353 1144 428 AErrrsatu‘rttur

327 519 369 589 ln
388 539 461 613 quo
480 515 692 611 magistratu,
713 532 751 588 ut
772 539 792 586 a
813 517 895 588 Sura
917 513 1110 610 comperit,
1128 517 1292 614 adoptan-

328 626 408 698 dum
433 625 465 696 se
484 651 503 698 a
522 622 673 714 Traiano
702 623 786 710 else,
806 623 848 696 ab
870 621 985 697 amicis
1011 623 1152 717 Trajani
1173 643 1293 702 conte·
1379 692 1380 732 i

328 736 401 809 mni
414 733 507 830 desiit
520 757 560 806 ac
570 731 705 830 negligi.
715 725 757 804 Et
770 730 929 804 desunslo
942 731 1078 828 quidem
1092 733 1176 806 Sura
1185 735 1293 820 ,T'ra·
1379 737 1380 746 ’

264 901 266 906 ,
327 844 400 940 jani
418 845 449 917 ei
470 843 674 918 familiaritas
699 843 831 930 crevit,
852 841 948 915 causa
971 842 1141 940 precipue
1161 844 1293 918 oratio·
1375 863 1378 870 ’

224 957 226 961 ’
330 982 435 1044 num,
450 979 532 1050 quas
549 977 614 1051 pro
632 959 839 1050 lmpetatore
858 953 1052 1027 diuaverat.

379 1069 439 1138 lV.
458 1063 549 1167 Usus
572 1063 716 1137 Plotinae
739 1089 877 1160 quoque
890 1062 1042 1153 favore:
1062 1061 1157 1157 cujus
1184 1062 1294 1135 sludio

331 1175 432 1249 etiam
447 1175 598 1273 legatus,
615 1175 843 1272 expeditionis
865 1175 1028 1249 Parthicae
1045 1194 1200 1272 tempore
1210 1229 1222 1262 ‚
1238 1176 1295 1247 de·
1380 1179 1381 1220 3

332 1285 472 1359 stinatus
494 1285 550 1359 est.
569 1288 648 1378 Qua
668 1285 805 1382 quidem
829 1285 1020 1381 tempestate
1040 1285 1194 1358 utebatur
1222 1285 1295 1357 Ha·

287 1397 291 1404 ’
330 1395 468 1467 ‚drianus
485 1394 632 1468 amicitia
650 1392 735 1466 Sosii
761 1394 888 1488 Puppi,
907 1395 944 1466 &
963 1393 1114 1466 Plaetotii
1131 1392 1296 1489 Nepotis,

331 1526 376 1594 ex
398 1501 569 1592 senatorio
585 1501 731 1574 ordine:
753 1525 796 1572 ex
820 1501 963 1598 equestri
985 1518 1123 1585 autern,
1146 1500 1295 1588 Attiani,

331 1611 457 1684 tutoris
478 1610 650 1704 quondam
675 1607 744 1697 sui,
758 1609 796 1680 &
812 1608 948 1688 Liviani
960 1609 1145 1681 Turbonis.
1159 1615 1197 1683 ln
1211 1609 1297 1681 ado·

332 1716 463 1816 ptionis
482 1716 696 1812 sponsionem
714 1714 831 1805 venit,
853 1716 1021 1790 Palma&
1042 1716 1166 1806 Celso,
1184 1715 1297 1790 initui·

333 1831 385 1904 cis
400 1831 528 1924 semper
544 1827 634 1917 suis,
656 1829 694 1902 &
710 1850 798 1923 quos
816 1827 929 1922 poslea
951 1826 1020 1922 ipse
1039 1826 1209 1901 insecutus
1230 1828 1299 1914 est,

332 1939 371 2012 in
387 1937 610 2033 suspicionem
624 1936 780 2010 affeuatae
801 1935 992 2037 tyrannidis
1014 1936 1122 2034 lapsis.
1136 1937 1299 2010 'Secundo

331 2047 464 2122 Consul
486 2047 605 2121 favore
630 2048 774 2120 Plotinae
788 2033 922 2137 sadus,
944 2063 1052 2120 totam
1078 2047 1296 2143 praesumtio-

334 2185 414 2234 nem
434 2161 630 2256 adoptionis
643 2153 797 2234 emeruit}
809 2160 1004 2256 Corrupilse
1016 2184 1092 2233 eum
1105 2158 1243 2254 Traiani
1259 2159 1301 2232 li·
1382 2163 1383 2228 ξ

334 2271 470 2361 betros,
483 2271 608 2346 curasse
635 2272 817 2358 delicatos,
832 2271 1033 2368 eosdemque
1061 2268 1225 2366 sepelisse,
1239 2293 1301 2366 per

335 2398 374 2455 ea
386 2382 698 2481 tempora,‚quibus
712 2383 747 2454 in
770 2383 845 2455 aula
863 2381 1059 2454 familiarior
1076 2381 1160 2470 fuit,
1175 2381 1301 2478 opinio

334 2494 440 2566 multa
462 2493 621 2568 firmavit.
636 2494 774 2588 Quinto
798 2494 915 2565 Iduum
931 2491 1070 2590 Augusti
1084 2494 1156 2583 die,
1172 2494 1303 2592 legatus

335 2601 463 2701 Syrie,
479 2605 590 2679 literas
611 2604 806 2701 adoptionis
826 2605 975 2700 accepit:
989 2605 1126 2702 quando
1146 2609 1182 2679 &
1204 2624 1303 2678 nata-v·

336 2712 404 2785 lem
432 2715 628 2810 adoptionis
656 2716 816 2788 celebrari
838 2713 937 2804 juffit.
960 2713 1082 2788 Tettio
1103 2716 1221 2787 Iduum
1248 2739 1303 2788 ea·
1383 2709 1384 2724 ¹

337 2819 508 2911 rundem,
530 2823 669 2919 quando
692 2826 729 2896 δι
750 2823 892 2894 natalem
916 2823 1048 2917 imperii
1077 2823 1190 2894 slatuit
1211 2824 1303 2896 cele-

337 2927 524 3016 brandum,
549 2931 696 3004 excelsus
719 2931 750 3002 ei
777 2927 915 3023 Trajani
941 2929 1196 3003 nuntiatustest.
1225 2937 1303 3005 Fre·

337 3061 445 3132 quens
465 3039 542 3115 sane
559 3039 681 3134 opinio
695 3037 783 3128 fuit,
799 3035 951 3132 Traiano
967 3037 1003 3109 id
1020 3035 1123 3108 animi
1135 3037 1251 3131 fuisse,
1265 3055 1304 3113 ut

340 3148 518 3221 Neratium
547 3149 717 3238 Priscum,
740 3172 812 3220 non
841 3147 1064 3234 Hadrianum,
1082 3146 1304 3224 successorem

339 3255 569 3352 relinqueret,
588 3259 702 3330 multis
715 3258 832 3331 amicis
854 3258 889 3329 in
907 3257 975 3331 hoc
997 3239 1304 3350 co‘nsemientitlus,

340 3362 445 3456 usque
466 3387 533 3451 e0‚
551 3382 588 3435 ut
605 3364 718 3438 Prisco
734 3364 916 3460 aliquando
938 3364 1083 3435 dixerit:
1104 3369 1306 3446 ,Commendo

340 3477 399 3546 ribi
410 3477 596 3568 provincias
607 3527 617 3564 ,
624 3477 664 3575 fi
675 3480 754 3568 quid
762 3478 842 3544 mili
850 3474 955 3564 fratase'
971 3479 1138 3572 contigerit.
1150 3478 1192 3545 Et
1206 3475 1307 3546 multi

340 3583 481 3680 quidem
505 3583 840 3676 dicuut,Trajanutn
867 3584 902 3655 in
927 3583 1041 3658 animo
1070 3586 1104 3656 id
1133 3584 1305 3667 habuisse,

342 3710 383 3764 ut
397 3746 408 3778 ,
422 3696 578 3791 exemplo
593 3694 774 3768 Alexandri
794 3689 1012 3783 Macedonis,
1032 3693 1100 3766 sine
1121 3715 1217 3765 certo
1231 3693 1307 3766 suc·

341 3802 469 3878 sessore
486 3821 675 3879 moreretur
690 3831 699 3880 :
715 3805 832 3894 multi,
853 3804 894 3878 ad
911 3805 1060 3878 senatum
1076 3827 1153 3876 eum
1171 3799 1307 3873 orario·
