<?xml version="1.0" encoding="UTF-8"?>
<!DOCTYPE html PUBLIC "-//W3C//DTD XHTML 1.0 Transitional//EN"
    "http://www.w3.org/TR/xhtml1/DTD/xhtml1-transitional.dtd">
<html xmlns="http://www.w3.org/1999/xhtml" xml:lang="en" lang="en">
 <head>
  <title>
</title>
<meta http-equiv="Content-Type" content="text/html;charset=utf-8" />
  <meta name='ocr-system' content='tesseract 3.04.00' />
  <meta name='ocr-capabilities' content='ocr_page ocr_carea ocr_par ocr_line ocrx_word'/>
</head>
<body>
  <div class='ocr_page' id='page_1' title='image "./historiaugustsc00bipogoog_0122.png"; bbox 0 0 2884 4828; ppageno 0'>
   <div class='ocr_carea' id='block_1_1' title="bbox 399 259 1168 439">
    <p class='ocr_par' dir='ltr' id='par_1_1' title="bbox 399 259 1168 439">
     <span class='ocr_line' id='line_1_1' title="bbox 399 259 1168 439; baseline 0.001 -60"><span class='ocrx_word' id='word_1_1' title='bbox 399 308 445 380; x_wconf 91' lang='lat'>80</span> <span class='ocrx_word' id='word_1_2' title='bbox 590 259 751 439; x_wconf 66' lang='lat' dir='ltr'>sutri</span> <span class='ocrx_word' id='word_1_3' title='bbox 791 307 1168 391; x_wconf 75' lang='lat' dir='ltr'>cnutuoutur</span> 
     </span>
    </p>
   </div>
   <div class='ocr_carea' id='block_1_2' title="bbox 284 463 1433 3842">
    <p class='ocr_par' dir='ltr' id='par_1_2' title="bbox 320 463 1360 778">
     <span class='ocr_line' id='line_1_2' title="bbox 397 463 1360 563; baseline 0.004 -25"><span class='ocrx_word' id='word_1_4' title='bbox 397 463 538 562; x_wconf 87' lang='lat' dir='ltr'>ticipatu</span> <span class='ocrx_word' id='word_1_5' title='bbox 559 466 659 539; x_wconf 89' lang='lat' dir='ltr'>etiarn</span> <span class='ocrx_word' id='word_1_6' title='bbox 676 466 904 560; x_wconf 81' lang='lat' dir='ltr'>Imperatoriae</span> <span class='ocrx_word' id='word_1_7' title='bbox 925 468 1094 563; x_wconf 90' lang='lat' dir='ltr'>poteslatis</span> <span class='ocrx_word' id='word_1_8' title='bbox 1115 469 1267 542; x_wconf 90' lang='lat' dir='ltr'>indulto:</span> <span class='ocrx_word' id='word_1_9' title='bbox 1283 471 1360 542; x_wconf 76' lang='lat' dir='ltr'>sibi</span> 
     </span>
     <span class='ocr_line' id='line_1_3' title="bbox 398 575 1359 679; baseline 0.004 -31"><span class='ocrx_word' id='word_1_10' title='bbox 398 603 464 674; x_wconf 89' lang='lat' dir='ltr'>que</span> <span class='ocrx_word' id='word_1_11' title='bbox 483 577 676 652; x_wconf 85' lang='lat' dir='ltr'>consortem</span> <span class='ocrx_word' id='word_1_12' title='bbox 700 575 805 668; x_wconf 87' lang='lat' dir='ltr'>fecit,</span> <span class='ocrx_word' id='word_1_13' title='bbox 821 603 897 650; x_wconf 90' lang='lat' dir='ltr'>cum</span> <span class='ocrx_word' id='word_1_14' title='bbox 918 579 967 651; x_wconf 92' lang='lat' dir='ltr'>illi</span> <span class='ocrx_word' id='word_1_15' title='bbox 989 579 1051 652; x_wconf 91' lang='lat' dir='ltr'>soli</span> <span class='ocrx_word' id='word_1_16' title='bbox 1069 583 1206 656; x_wconf 84' lang='lat' dir='ltr'>Senatus</span> <span class='ocrx_word' id='word_1_17' title='bbox 1219 581 1359 679; x_wconf 17' lang='lat' dir='ltr'>&#39;detulis-</span> 
     </span>
     <span class='ocr_line' id='line_1_4' title="bbox 320 679 1085 778; baseline -0.001 -20"><span class='ocrx_word' id='word_1_18' title='bbox 320 679 322 686; x_wconf 71' lang='grc'><strong>’</strong></span> <span class='ocrx_word' id='word_1_19' title='bbox 397 687 447 758; x_wconf 86' lang='lat' dir='ltr'>set</span> <span class='ocrx_word' id='word_1_20' title='bbox 467 683 655 778; x_wconf 89' lang='lat' dir='ltr'>imperium.</span> <span class='ocrx_word' id='word_1_21' title='bbox 1077 700 1085 716; x_wconf 92' lang='lat'>&#39;</span> 
     </span>
    </p>

    <p class='ocr_par' dir='ltr' id='par_1_3' title="bbox 397 794 1363 1877">
     <span class='ocr_line' id='line_1_5' title="bbox 447 794 1360 896; baseline 0.004 -26"><span class='ocrx_word' id='word_1_22' title='bbox 447 799 506 870; x_wconf 89' lang='lat' dir='ltr'>IV.</span> <span class='ocrx_word' id='word_1_23' title='bbox 517 801 610 887; x_wconf 88' lang='lat' dir='ltr'>Dato</span> <span class='ocrx_word' id='word_1_24' title='bbox 626 795 729 893; x_wconf 82' lang='lat' dir='ltr'>igitur</span> <span class='ocrx_word' id='word_1_25' title='bbox 741 794 899 892; x_wconf 89' lang='lat' dir='ltr'>imperio,</span> <span class='ocrx_word' id='word_1_26' title='bbox 912 797 948 871; x_wconf 73' lang='grc' dir='ltr'>δι</span> <span class='ocrx_word' id='word_1_27' title='bbox 963 797 1092 872; x_wconf 87' lang='lat' dir='ltr'>indulta</span> <span class='ocrx_word' id='word_1_28' title='bbox 1107 799 1284 878; x_wconf 87' lang='lat' dir='ltr'>tribunicia</span> <span class='ocrx_word' id='word_1_29' title='bbox 1294 825 1360 896; x_wconf 92' lang='lat' dir='ltr'>po·</span> 
     </span>
     <span class='ocr_line' id='line_1_6' title="bbox 397 899 1360 1004; baseline -0.004 -13"><span class='ocrx_word' id='word_1_30' title='bbox 397 899 819 1004; x_wconf 77' lang='lat' dir='ltr'>restare,&#39;pr0c0nsularus</span> <span class='ocrx_word' id='word_1_31' title='bbox 844 909 944 980; x_wconf 89' lang='lat' dir='ltr'>etiam</span> <span class='ocrx_word' id='word_1_32' title='bbox 971 909 1104 982; x_wconf 84' lang='lat' dir='ltr'>honore</span> <span class='ocrx_word' id='word_1_33' title='bbox 1131 913 1264 1004; x_wconf 86' lang='lat' dir='ltr'>delato,</span> <span class='ocrx_word' id='word_1_34' title='bbox 1290 918 1360 987; x_wconf 86' lang='lat' dir='ltr'>Ve-</span> 
     </span>
     <span class='ocr_line' id='line_1_7' title="bbox 397 1017 1360 1116; baseline -0.001 -15"><span class='ocrx_word' id='word_1_35' title='bbox 397 1051 474 1102; x_wconf 89' lang='lat' dir='ltr'>rum</span> <span class='ocrx_word' id='word_1_36' title='bbox 487 1020 606 1099; x_wconf 88' lang='lat' dir='ltr'>vocari</span> <span class='ocrx_word' id='word_1_37' title='bbox 620 1017 803 1116; x_wconf 75' lang='lat' dir='ltr'>precepit,</span> <span class='ocrx_word' id='word_1_38' title='bbox 818 1019 910 1092; x_wconf 90' lang='lat' dir='ltr'>suurn</span> <span class='ocrx_word' id='word_1_39' title='bbox 924 1021 960 1092; x_wconf 92' lang='lat' dir='ltr'>in</span> <span class='ocrx_word' id='word_1_40' title='bbox 977 1046 1053 1114; x_wconf 87' lang='lat' dir='ltr'>eum</span> <span class='ocrx_word' id='word_1_41' title='bbox 1075 1025 1277 1099; x_wconf 87' lang='lat' dir='ltr'>transferens</span> <span class='ocrx_word' id='word_1_42' title='bbox 1297 1047 1360 1099; x_wconf 89' lang='lat' dir='ltr'>rto·</span> 
     </span>
     <span class='ocr_line' id='line_1_8' title="bbox 398 1127 1363 1230; baseline -0.004 -20"><span class='ocrx_word' id='word_1_43' title='bbox 398 1159 499 1223; x_wconf 88' lang='lat' dir='ltr'>men,</span> <span class='ocrx_word' id='word_1_44' title='bbox 521 1155 599 1205; x_wconf 81' lang='lat' dir='ltr'>cunt</span> <span class='ocrx_word' id='word_1_45' title='bbox 617 1149 693 1200; x_wconf 86' lang='lat' dir='ltr'>ante</span> <span class='ocrx_word' id='word_1_46' title='bbox 719 1131 908 1202; x_wconf 85' lang='lat' dir='ltr'><em>Commodus</em></span> <span class='ocrx_word' id='word_1_47' title='bbox 928 1127 1120 1207; x_wconf 80' lang='lat' dir='ltr'>vocar‘etur.</span> <span class='ocrx_word' id='word_1_48' title='bbox 1138 1134 1262 1206; x_wconf 89' lang='lat' dir='ltr'>Lucius</span> <span class='ocrx_word' id='word_1_49' title='bbox 1285 1135 1363 1230; x_wconf 91' lang='lat' dir='ltr'>qui·</span> 
     </span>
     <span class='ocr_line' id='line_1_9' title="bbox 398 1235 1361 1336; baseline -0.006 -18"><span class='ocrx_word' id='word_1_50' title='bbox 398 1247 494 1332; x_wconf 87' lang='lat' dir='ltr'>dent,</span> <span class='ocrx_word' id='word_1_51' title='bbox 519 1243 641 1312; x_wconf 89' lang='lat' dir='ltr'>Marco</span> <span class='ocrx_word' id='word_1_52' title='bbox 669 1235 781 1310; x_wconf 84' lang='lat' dir='ltr'>vicem</span> <span class='ocrx_word' id='word_1_53' title='bbox 808 1238 968 1328; x_wconf 84' lang='lat' dir='ltr'>reddens,</span> <span class='ocrx_word' id='word_1_54' title='bbox 986 1238 1155 1336; x_wconf 80' lang='lat' dir='ltr'>suscepit,</span> <span class='ocrx_word' id='word_1_55' title='bbox 1178 1241 1361 1318; x_wconf 81' lang='lat' dir='ltr'>obsecutus</span> 
     </span>
     <span class='ocr_line' id='line_1_10' title="bbox 399 1335 1359 1448; baseline -0.006 -20"><span class='ocrx_word' id='word_1_56' title='bbox 399 1373 437 1428; x_wconf 91' lang='lat' dir='ltr'>ut</span> <span class='ocrx_word' id='word_1_57' title='bbox 459 1354 583 1448; x_wconf 83' lang='lat' dir='ltr'>legatus</span> <span class='ocrx_word' id='word_1_58' title='bbox 604 1335 823 1442; x_wconf 85' lang='lat' dir='ltr'>proconsuli,</span> <span class='ocrx_word' id='word_1_59' title='bbox 840 1346 898 1422; x_wconf 87' lang='lat' dir='ltr'>vel</span> <span class='ocrx_word' id='word_1_60' title='bbox 923 1347 1041 1442; x_wconf 86' lang='lat' dir='ltr'>praeses</span> <span class='ocrx_word' id='word_1_61' title='bbox 1063 1348 1269 1443; x_wconf 85' lang='lat' dir='ltr'>imperatori.</span> <span class='ocrx_word' id='word_1_62' title='bbox 1294 1350 1359 1442; x_wconf 86' lang='lat' dir='ltr'>jam</span> 
     </span>
     <span class='ocr_line' id='line_1_11' title="bbox 399 1451 1361 1561; baseline -0.002 -26"><span class='ocrx_word' id='word_1_63' title='bbox 399 1464 545 1561; x_wconf 89' lang='lat' dir='ltr'>primum</span> <span class='ocrx_word' id='word_1_64' title='bbox 563 1457 654 1530; x_wconf 89' lang='lat' dir='ltr'>enim</span> <span class='ocrx_word' id='word_1_65' title='bbox 675 1459 811 1528; x_wconf 88' lang='lat' dir='ltr'>Marcus</span> <span class='ocrx_word' id='word_1_66' title='bbox 832 1481 896 1551; x_wconf 90' lang='lat' dir='ltr'>pro</span> <span class='ocrx_word' id='word_1_67' title='bbox 921 1451 1085 1528; x_wconf 83' lang='lat' dir='ltr'>ambobus</span> <span class='ocrx_word' id='word_1_68' title='bbox 1105 1459 1146 1528; x_wconf 94' lang='lat' dir='ltr'>ad</span> <span class='ocrx_word' id='word_1_69' title='bbox 1169 1459 1292 1532; x_wconf 83' lang='lat' dir='ltr'>milites</span> <span class='ocrx_word' id='word_1_70' title='bbox 1316 1460 1361 1532; x_wconf 89' lang='lat' dir='ltr'>esl</span> 
     </span>
     <span class='ocr_line' id='line_1_12' title="bbox 399 1561 1360 1660; baseline -0.003 -17"><span class='ocrx_word' id='word_1_71' title='bbox 399 1574 551 1654; x_wconf 90' lang='lat' dir='ltr'>locutus,</span> <span class='ocrx_word' id='word_1_72' title='bbox 576 1567 614 1636; x_wconf 77' lang='grc' dir='ltr'>δι</span> <span class='ocrx_word' id='word_1_73' title='bbox 633 1587 697 1657; x_wconf 89' lang='lat' dir='ltr'>pro</span> <span class='ocrx_word' id='word_1_74' title='bbox 723 1561 902 1634; x_wconf 86' lang='lat' dir='ltr'>consensus</span> <span class='ocrx_word' id='word_1_75' title='bbox 920 1562 1065 1656; x_wconf 84' lang='lat' dir='ltr'>imperio</span> <span class='ocrx_word' id='word_1_76' title='bbox 1084 1565 1230 1660; x_wconf 87' lang='lat' dir='ltr'>graviter</span> <span class='ocrx_word' id='word_1_77' title='bbox 1246 1565 1297 1651; x_wconf 84' lang='lat' dir='ltr'>se,</span> <span class='ocrx_word' id='word_1_78' title='bbox 1324 1571 1360 1640; x_wconf 76' lang='grc' dir='ltr'>δι</span> 
     </span>
     <span class='ocr_line' id='line_1_13' title="bbox 399 1669 1361 1770; baseline 0.001 -21"><span class='ocrx_word' id='word_1_79' title='bbox 399 1680 441 1750; x_wconf 87' lang='lat' dir='ltr'>ad</span> <span class='ocrx_word' id='word_1_80' title='bbox 459 1671 567 1748; x_wconf 79' lang='lat' dir='ltr'>Marci</span> <span class='ocrx_word' id='word_1_81' title='bbox 580 1693 692 1742; x_wconf 88' lang='lat' dir='ltr'>mores</span> <span class='ocrx_word' id='word_1_82' title='bbox 705 1671 784 1767; x_wconf 85' lang='lat' dir='ltr'>egit.</span> <span class='ocrx_word' id='word_1_83' title='bbox 800 1669 869 1742; x_wconf 90' lang='lat' dir='ltr'>Ubi</span> <span class='ocrx_word' id='word_1_84' title='bbox 884 1695 970 1743; x_wconf 88' lang='lat' dir='ltr'>veto</span> <span class='ocrx_word' id='word_1_85' title='bbox 988 1672 1023 1742; x_wconf 88' lang='lat' dir='ltr'>in</span> <span class='ocrx_word' id='word_1_86' title='bbox 1040 1673 1173 1770; x_wconf 86' lang='lat' dir='ltr'>Syriam</span> <span class='ocrx_word' id='word_1_87' title='bbox 1188 1675 1361 1770; x_wconf 72' lang='lat' dir='ltr'>profectus</span> 
     </span>
     <span class='ocr_line' id='line_1_14' title="bbox 399 1771 1361 1877; baseline 0 -17"><span class='ocrx_word' id='word_1_88' title='bbox 399 1787 465 1877; x_wconf 89' lang='lat' dir='ltr'>esl,</span> <span class='ocrx_word' id='word_1_89' title='bbox 489 1809 561 1858; x_wconf 88' lang='lat' dir='ltr'>non</span> <span class='ocrx_word' id='word_1_90' title='bbox 583 1781 693 1854; x_wconf 83' lang='lat' dir='ltr'>solum</span> <span class='ocrx_word' id='word_1_91' title='bbox 715 1781 850 1854; x_wconf 86' lang='lat' dir='ltr'>licentia</span> <span class='ocrx_word' id='word_1_92' title='bbox 873 1781 953 1856; x_wconf 75' lang='lat' dir='ltr'>vitae</span> <span class='ocrx_word' id='word_1_93' title='bbox 974 1781 1160 1874; x_wconf 86' lang='lat' dir='ltr'>liberioris,</span> <span class='ocrx_word' id='word_1_94' title='bbox 1177 1771 1243 1860; x_wconf 35' lang='lat' dir='ltr'>&#39;sed</span> <span class='ocrx_word' id='word_1_95' title='bbox 1260 1789 1361 1860; x_wconf 90' lang='lat' dir='ltr'>etiam</span> 
     </span>
    </p>

    <p class='ocr_par' dir='ltr' id='par_1_4' title="bbox 307 1891 1433 2210">
     <span class='ocr_line' id='line_1_15' title="bbox 307 1891 1361 1985; baseline 0 -15"><span class='ocrx_word' id='word_1_96' title='bbox 307 1891 309 1894; x_wconf 58' lang='grc'><strong>’</strong></span> <span class='ocrx_word' id='word_1_97' title='bbox 397 1893 571 1970; x_wconf 80' lang='lat' dir='ltr'>adulteriis</span> <span class='ocrx_word' id='word_1_98' title='bbox 590 1893 627 1966; x_wconf 78' lang='grc' dir='ltr'>δι</span> <span class='ocrx_word' id='word_1_99' title='bbox 645 1891 835 1985; x_wconf 89' lang='lat' dir='ltr'>juventutis</span> <span class='ocrx_word' id='word_1_100' title='bbox 854 1893 1025 1966; x_wconf 84' lang='lat' dir='ltr'>amoribus</span> <span class='ocrx_word' id='word_1_101' title='bbox 1041 1894 1218 1970; x_wconf 80' lang='lat' dir='ltr'>infamatus</span> <span class='ocrx_word' id='word_1_102' title='bbox 1239 1897 1295 1970; x_wconf 86' lang='lat' dir='ltr'>esl.</span> <span class='ocrx_word' id='word_1_103' title='bbox 1315 1899 1361 1970; x_wconf 90' lang='lat' dir='ltr'>si·</span> 
     </span>
     <span class='ocr_line' id='line_1_16' title="bbox 399 1998 1360 2104; baseline -0.001 -27"><span class='ocrx_word' id='word_1_104' title='bbox 399 2003 649 2104; x_wconf 83' lang='lat' dir='ltr'>quidemtantae</span> <span class='ocrx_word' id='word_1_105' title='bbox 664 1999 808 2072; x_wconf 71' lang='lat' dir='ltr'>luxurie</span> <span class='ocrx_word' id='word_1_106' title='bbox 824 1998 917 2073; x_wconf 82' lang='lat' dir='ltr'>fuisse</span> <span class='ocrx_word' id='word_1_107' title='bbox 932 2001 1073 2092; x_wconf 85' lang='lat' dir='ltr'>dicitur,</span> <span class='ocrx_word' id='word_1_108' title='bbox 1086 2023 1122 2075; x_wconf 90' lang='lat' dir='ltr'>ut</span> <span class='ocrx_word' id='word_1_109' title='bbox 1134 2005 1254 2092; x_wconf 87' lang='lat' dir='ltr'>etiam,</span> <span class='ocrx_word' id='word_1_110' title='bbox 1266 2005 1360 2102; x_wconf 88' lang='lat' dir='ltr'>post·</span> 
     </span>
     <span class='ocr_line' id='line_1_17' title="bbox 400 2108 1433 2210; baseline -0.001 -23"><span class='ocrx_word' id='word_1_111' title='bbox 400 2136 539 2210; x_wconf 85' lang='lat' dir='ltr'>eaquant</span> <span class='ocrx_word' id='word_1_112' title='bbox 559 2109 601 2182; x_wconf 87' lang='lat' dir='ltr'>de</span> <span class='ocrx_word' id='word_1_113' title='bbox 617 2109 715 2206; x_wconf 88' lang='lat' dir='ltr'>Syria</span> <span class='ocrx_word' id='word_1_114' title='bbox 731 2108 848 2199; x_wconf 90' lang='lat' dir='ltr'>rediit,</span> <span class='ocrx_word' id='word_1_115' title='bbox 867 2110 1028 2206; x_wconf 85' lang='lat' dir='ltr'>popinam</span> <span class='ocrx_word' id='word_1_116' title='bbox 1047 2114 1141 2187; x_wconf 91' lang='lat' dir='ltr'>domi</span> <span class='ocrx_word' id='word_1_117' title='bbox 1163 2110 1360 2201; x_wconf 85' lang='lat' dir='ltr'>institueris,</span> <span class='ocrx_word' id='word_1_118' title='bbox 1432 2161 1433 2166; x_wconf 21' lang='grc' dir='ltr'><strong>κ</strong></span> 
     </span>
    </p>

    <p class='ocr_par' dir='ltr' id='par_1_5' title="bbox 284 2218 1433 3842">
     <span class='ocr_line' id='line_1_18' title="bbox 368 2218 1433 2319; baseline 0.004 -24"><span class='ocrx_word' id='word_1_119' title='bbox 368 2249 371 2256; x_wconf 61' lang='grc'><strong>“</strong></span> <span class='ocrx_word' id='word_1_120' title='bbox 399 2225 442 2296; x_wconf 89' lang='lat' dir='ltr'>ad</span> <span class='ocrx_word' id='word_1_121' title='bbox 462 2245 567 2319; x_wconf 87' lang='lat' dir='ltr'>quarn</span> <span class='ocrx_word' id='word_1_122' title='bbox 584 2218 660 2316; x_wconf 82' lang='lat' dir='ltr'>poll</span> <span class='ocrx_word' id='word_1_123' title='bbox 679 2219 883 2296; x_wconf 85' lang='lat' dir='ltr'>convivium</span> <span class='ocrx_word' id='word_1_124' title='bbox 905 2222 1012 2296; x_wconf 89' lang='lat' dir='ltr'>Marci</span> <span class='ocrx_word' id='word_1_125' title='bbox 1035 2223 1241 2315; x_wconf 82' lang='lat' dir='ltr'>divertebat,</span> <span class='ocrx_word' id='word_1_126' title='bbox 1258 2226 1359 2298; x_wconf 89' lang='lat' dir='ltr'>mini·</span> <span class='ocrx_word' id='word_1_127' title='bbox 1431 2227 1433 2316; x_wconf 71' lang='lat' dir='ltr'>l</span> 
     </span>
     <span class='ocr_line' id='line_1_19' title="bbox 400 2327 1433 2431; baseline 0.004 -27"><span class='ocrx_word' id='word_1_128' title='bbox 400 2329 580 2404; x_wconf 81' lang='lat' dir='ltr'>litantibus</span> <span class='ocrx_word' id='word_1_129' title='bbox 604 2327 664 2399; x_wconf 87' lang='lat' dir='ltr'>srbi</span> <span class='ocrx_word' id='word_1_130' title='bbox 688 2328 784 2398; x_wconf 89' lang='lat' dir='ltr'>omni</span> <span class='ocrx_word' id='word_1_131' title='bbox 806 2353 928 2426; x_wconf 84' lang='lat' dir='ltr'>genere</span> <span class='ocrx_word' id='word_1_132' title='bbox 955 2333 1103 2426; x_wconf 90' lang='lat' dir='ltr'>turpium</span> <span class='ocrx_word' id='word_1_133' title='bbox 1128 2336 1358 2431; x_wconf 84' lang='lat' dir='ltr'>personarum.</span> <span class='ocrx_word' id='word_1_134' title='bbox 1432 2329 1433 2369; x_wconf 75' lang='lat'>³</span> 
     </span>
     <span class='ocr_line' id='line_1_20' title="bbox 400 2437 1359 2544; baseline 0.001 -29"><span class='ocrx_word' id='word_1_135' title='bbox 400 2441 571 2520; x_wconf 85' lang='lat' dir='ltr'>Fertur&amp;</span> <span class='ocrx_word' id='word_1_136' title='bbox 595 2437 692 2512; x_wconf 74' lang='lat' dir='ltr'>nocte</span> <span class='ocrx_word' id='word_1_137' title='bbox 713 2438 842 2532; x_wconf 85' lang='lat' dir='ltr'>perpeti</span> <span class='ocrx_word' id='word_1_138' title='bbox 863 2437 932 2512; x_wconf 90' lang='lat' dir='ltr'>alea</span> <span class='ocrx_word' id='word_1_139' title='bbox 958 2439 1080 2529; x_wconf 76' lang='lat' dir='ltr'>lusisse,</span> <span class='ocrx_word' id='word_1_140' title='bbox 1104 2468 1180 2515; x_wconf 90' lang='lat' dir='ltr'>cum</span> <span class='ocrx_word' id='word_1_141' title='bbox 1202 2443 1238 2514; x_wconf 93' lang='lat' dir='ltr'>in</span> <span class='ocrx_word' id='word_1_142' title='bbox 1263 2445 1359 2544; x_wconf 89' lang='lat' dir='ltr'>Syria</span> 
     </span>
     <span class='ocr_line' id='line_1_21' title="bbox 325 2545 1357 2650; baseline 0.002 -28"><span class='ocrx_word' id='word_1_143' title='bbox 325 2635 330 2650; x_wconf 38' lang='grc'>,</span> <span class='ocrx_word' id='word_1_144' title='bbox 400 2547 603 2644; x_wconf 73' lang='lat' dir='ltr'>concepisset</span> <span class='ocrx_word' id='word_1_145' title='bbox 628 2545 664 2616; x_wconf 87' lang='lat' dir='ltr'>id</span> <span class='ocrx_word' id='word_1_146' title='bbox 686 2545 829 2636; x_wconf 84' lang='lat' dir='ltr'>vitium:</span> <span class='ocrx_word' id='word_1_147' title='bbox 858 2571 958 2644; x_wconf 87' lang='lat' dir='ltr'>atque</span> <span class='ocrx_word' id='word_1_148' title='bbox 980 2547 1016 2620; x_wconf 89' lang='lat' dir='ltr'>in</span> <span class='ocrx_word' id='word_1_149' title='bbox 1041 2551 1170 2624; x_wconf 86' lang='lat' dir='ltr'>tantum</span> <span class='ocrx_word' id='word_1_150' title='bbox 1194 2551 1357 2626; x_wconf 78' lang='lat' dir='ltr'>vitiosum</span> 
     </span>
     <span class='ocr_line' id='line_1_22' title="bbox 401 2655 1357 2756; baseline -0.001 -24"><span class='ocrx_word' id='word_1_151' title='bbox 401 2660 609 2750; x_wconf 83' lang='lat' dir='ltr'>Cajanorum</span> <span class='ocrx_word' id='word_1_152' title='bbox 622 2659 659 2728; x_wconf 78' lang='grc' dir='ltr'>δι</span> <span class='ocrx_word' id='word_1_153' title='bbox 669 2655 946 2728; x_wconf 88' lang='lat' dir='ltr'>Neronianorum</span> <span class='ocrx_word' id='word_1_154' title='bbox 959 2681 998 2728; x_wconf 87' lang='lat' dir='ltr'>ac</span> <span class='ocrx_word' id='word_1_155' title='bbox 1007 2658 1267 2756; x_wconf 82' lang='lat' dir='ltr'>Vitellianorum</span> <span class='ocrx_word' id='word_1_156' title='bbox 1282 2661 1357 2733; x_wconf 87' lang='lat' dir='ltr'>suis·</span> 
     </span>
     <span class='ocr_line' id='line_1_23' title="bbox 400 2752 1432 2862; baseline 0.005 -24"><span class='ocrx_word' id='word_1_157' title='bbox 400 2767 435 2838; x_wconf 86' lang='lat' dir='ltr'>se</span> <span class='ocrx_word' id='word_1_158' title='bbox 456 2764 643 2848; x_wconf 81' lang='lat' dir='ltr'>aemulum,</span> <span class='ocrx_word' id='word_1_159' title='bbox 665 2781 702 2832; x_wconf 90' lang='lat' dir='ltr'>ut</span> <span class='ocrx_word' id='word_1_160' title='bbox 726 2752 908 2860; x_wconf 54' lang='lat' dir='ltr'>¹vagaretur·</span> <span class='ocrx_word' id='word_1_161' title='bbox 931 2765 1031 2838; x_wconf 75' lang='lat' dir='ltr'>nosle</span> <span class='ocrx_word' id='word_1_162' title='bbox 1058 2791 1117 2862; x_wconf 89' lang='lat' dir='ltr'>per</span> <span class='ocrx_word' id='word_1_163' title='bbox 1143 2768 1297 2842; x_wconf 79' lang='lat' dir='ltr'>tabernas</span> <span class='ocrx_word' id='word_1_164' title='bbox 1322 2795 1357 2842; x_wconf 87' lang='lat' dir='ltr'>ac</span> <span class='ocrx_word' id='word_1_165' title='bbox 1431 2853 1432 2860; x_wconf 7' lang='grc' dir='ltr'>ἵ</span> 
     </span>
     <span class='ocr_line' id='line_1_24' title="bbox 356 2870 1432 2974; baseline 0.002 -27"><span class='ocrx_word' id='word_1_166' title='bbox 356 2871 361 2913; x_wconf 65' lang='lat' dir='ltr'>l</span> <span class='ocrx_word' id='word_1_167' title='bbox 400 2871 592 2970; x_wconf 88' lang='lat' dir='ltr'>lupanaria,</span> <span class='ocrx_word' id='word_1_168' title='bbox 617 2870 755 2943; x_wconf 62' lang='lat' dir='ltr'>obtebo</span> <span class='ocrx_word' id='word_1_169' title='bbox 778 2872 887 2966; x_wconf 89' lang='lat' dir='ltr'>capite</span> <span class='ocrx_word' id='word_1_170' title='bbox 911 2873 1105 2949; x_wconf 87' lang='lat' dir='ltr'>cucullione</span> <span class='ocrx_word' id='word_1_171' title='bbox 1129 2877 1260 2974; x_wconf 83' lang='lat' dir='ltr'>vulgari</span> <span class='ocrx_word' id='word_1_172' title='bbox 1286 2879 1357 2951; x_wconf 84' lang='lat' dir='ltr'>via·</span> <span class='ocrx_word' id='word_1_173' title='bbox 1431 2887 1432 2922; x_wconf 56' lang='lat'>1</span> 
     </span>
     <span class='ocr_line' id='line_1_25' title="bbox 401 2978 1432 3078; baseline 0.002 -22"><span class='ocrx_word' id='word_1_174' title='bbox 401 2983 519 3072; x_wconf 91' lang='lat' dir='ltr'>torio,</span> <span class='ocrx_word' id='word_1_175' title='bbox 536 2978 868 3054; x_wconf 84' lang='lat' dir='ltr'>&amp;commisceretur</span> <span class='ocrx_word' id='word_1_176' title='bbox 885 3006 960 3054; x_wconf 90' lang='lat' dir='ltr'>cum</span> <span class='ocrx_word' id='word_1_177' title='bbox 982 2983 1171 3059; x_wconf 84' lang='lat' dir='ltr'>triconibus</span> <span class='ocrx_word' id='word_1_178' title='bbox 1181 3039 1193 3078; x_wconf 92' lang='lat'>‚</span> <span class='ocrx_word' id='word_1_179' title='bbox 1212 2988 1251 3062; x_wconf 78' lang='grc' dir='ltr'>δι</span> <span class='ocrx_word' id='word_1_180' title='bbox 1266 3011 1356 3060; x_wconf 92' lang='lat' dir='ltr'>com·</span> <span class='ocrx_word' id='word_1_181' title='bbox 1431 2997 1432 3046; x_wconf 81' lang='lat' dir='ltr'>t</span> 
     </span>
     <span class='ocr_line' id='line_1_26' title="bbox 401 3092 1372 3197; baseline 0.004 -29"><span class='ocrx_word' id='word_1_182' title='bbox 401 3095 550 3168; x_wconf 89' lang='lat' dir='ltr'>mitteret</span> <span class='ocrx_word' id='word_1_183' title='bbox 574 3094 683 3182; x_wconf 85' lang='lat' dir='ltr'>rixas,</span> <span class='ocrx_word' id='word_1_184' title='bbox 708 3092 746 3166; x_wconf 90' lang='lat'><strong>&amp;</strong></span> <span class='ocrx_word' id='word_1_185' title='bbox 771 3093 972 3168; x_wconf 79' lang='lat' dir='ltr'>dissimulans</span> <span class='ocrx_word' id='word_1_186' title='bbox 993 3095 1068 3193; x_wconf 88' lang='lat' dir='ltr'>quis</span> <span class='ocrx_word' id='word_1_187' title='bbox 1088 3097 1185 3170; x_wconf 84' lang='lat' dir='ltr'>esletr</span> <span class='ocrx_word' id='word_1_188' title='bbox 1207 3098 1372 3197; x_wconf 67' lang='lat' dir='ltr'>sepeque.</span> 
     </span>
     <span class='ocr_line' id='line_1_27' title="bbox 284 3198 1432 3308; baseline 0.002 -30"><span class='ocrx_word' id='word_1_189' title='bbox 284 3241 285 3244; x_wconf 40' lang='lat'>¹</span> <span class='ocrx_word' id='word_1_190' title='bbox 401 3203 558 3279; x_wconf 74' lang='lat' dir='ltr'>afflisium</span> <span class='ocrx_word' id='word_1_191' title='bbox 577 3203 681 3277; x_wconf 90' lang='lat' dir='ltr'>livida</span> <span class='ocrx_word' id='word_1_192' title='bbox 704 3201 791 3274; x_wconf 84' lang='lat' dir='ltr'>sacie</span> <span class='ocrx_word' id='word_1_193' title='bbox 813 3198 958 3292; x_wconf 61' lang='lat' dir='ltr'>tedisle‚&#39;</span> <span class='ocrx_word' id='word_1_194' title='bbox 974 3207 1011 3279; x_wconf 79' lang='lat' dir='ltr'>bc</span> <span class='ocrx_word' id='word_1_195' title='bbox 1031 3207 1067 3277; x_wconf 90' lang='lat' dir='ltr'>in</span> <span class='ocrx_word' id='word_1_196' title='bbox 1089 3206 1236 3280; x_wconf 84' lang='lat' dir='ltr'>tabernis</span> <span class='ocrx_word' id='word_1_197' title='bbox 1262 3210 1356 3308; x_wconf 85' lang='lat' dir='ltr'>agni·</span> <span class='ocrx_word' id='word_1_198' title='bbox 1431 3257 1432 3270; x_wconf 41' lang='lat' dir='ltr'>t</span> 
     </span>
     <span class='ocr_line' id='line_1_28' title="bbox 402 3311 1357 3407; baseline 0.004 -23"><span class='ocrx_word' id='word_1_199' title='bbox 402 3333 491 3400; x_wconf 91' lang='lat' dir='ltr'>tum,</span> <span class='ocrx_word' id='word_1_200' title='bbox 513 3317 588 3384; x_wconf 77' lang='lat' dir='ltr'>cu&#39;m</span> <span class='ocrx_word' id='word_1_201' title='bbox 608 3311 674 3384; x_wconf 88' lang='lat' dir='ltr'>sese</span> <span class='ocrx_word' id='word_1_202' title='bbox 688 3311 916 3390; x_wconf 87' lang='lat' dir='ltr'>absconderet.</span> <span class='ocrx_word' id='word_1_203' title='bbox 934 3311 1075 3407; x_wconf 85' lang='lat' dir='ltr'>jaciebat</span> <span class='ocrx_word' id='word_1_204' title='bbox 1096 3319 1132 3389; x_wconf 76' lang='grc' dir='ltr'>δι</span> <span class='ocrx_word' id='word_1_205' title='bbox 1153 3342 1311 3390; x_wconf 89' lang='lat' dir='ltr'>nummos</span> <span class='ocrx_word' id='word_1_206' title='bbox 1325 3319 1357 3389; x_wconf 90' lang='lat' dir='ltr'>in</span> 
     </span>
     <span class='ocr_line' id='line_1_29' title="bbox 375 3421 1356 3522; baseline 0.006 -28"><span class='ocrx_word' id='word_1_207' title='bbox 375 3421 379 3452; x_wconf 84' lang='lat'>¹</span> <span class='ocrx_word' id='word_1_208' title='bbox 402 3421 547 3518; x_wconf 87' lang='lat' dir='ltr'>popinas</span> <span class='ocrx_word' id='word_1_209' title='bbox 570 3421 738 3493; x_wconf 89' lang='lat' dir='ltr'>maximos</span> <span class='ocrx_word' id='word_1_210' title='bbox 748 3439 769 3510; x_wconf 52' lang='lat'>,⁸</span> <span class='ocrx_word' id='word_1_211' title='bbox 780 3421 902 3516; x_wconf 80' lang='lat' dir='ltr'>quibus</span> <span class='ocrx_word' id='word_1_212' title='bbox 920 3423 1039 3496; x_wconf 89' lang='lat' dir='ltr'>calices</span> <span class='ocrx_word' id='word_1_213' title='bbox 1059 3423 1238 3522; x_wconf 76' lang='lat' dir='ltr'>frangeret,</span> <span class='ocrx_word' id='word_1_214' title='bbox 1257 3429 1356 3500; x_wconf 84' lang='lat' dir='ltr'>Ama·</span> 
     </span>
     <span class='ocr_line' id='line_1_30' title="bbox 404 3528 1431 3628; baseline 0.003 -22"><span class='ocrx_word' id='word_1_215' title='bbox 404 3533 455 3606; x_wconf 91' lang='lat' dir='ltr'>vit</span> <span class='ocrx_word' id='word_1_216' title='bbox 476 3536 513 3605; x_wconf 74' lang='grc' dir='ltr'>δι</span> <span class='ocrx_word' id='word_1_217' title='bbox 530 3531 678 3628; x_wconf 82' lang='lat' dir='ltr'>aurigas,</span> <span class='ocrx_word' id='word_1_218' title='bbox 699 3529 835 3600; x_wconf 79' lang='lat' dir='ltr'>Prasino</span> <span class='ocrx_word' id='word_1_219' title='bbox 857 3529 983 3605; x_wconf 84' lang='lat' dir='ltr'>favens.</span> <span class='ocrx_word' id='word_1_220' title='bbox 1005 3528 1241 3606; x_wconf 79' lang='lat' dir='ltr'>Gladiatorum</span> <span class='ocrx_word' id='word_1_221' title='bbox 1260 3539 1354 3610; x_wconf 89' lang='lat' dir='ltr'>etiam</span> <span class='ocrx_word' id='word_1_222' title='bbox 1426 3587 1431 3626; x_wconf 48' lang='lat'>4</span> 
     </span>
     <span class='ocr_line' id='line_1_31' title="bbox 402 3621 1431 3736; baseline -0.002 -22"><span class='ocrx_word' id='word_1_223' title='bbox 402 3640 607 3736; x_wconf 77' lang='lat' dir='ltr'>frequentius</span> <span class='ocrx_word' id='word_1_224' title='bbox 620 3631 746 3735; x_wconf 80' lang='lat' dir='ltr'>pugnas</span> <span class='ocrx_word' id='word_1_225' title='bbox 759 3638 793 3708; x_wconf 92' lang='lat' dir='ltr'>in</span> <span class='ocrx_word' id='word_1_226' title='bbox 807 3621 978 3712; x_wconf 81' lang='lat' dir='ltr'>cbnvivio</span> <span class='ocrx_word' id='word_1_227' title='bbox 992 3641 1129 3732; x_wconf 89' lang='lat' dir='ltr'>habuit,</span> <span class='ocrx_word' id='word_1_228' title='bbox 1141 3642 1277 3716; x_wconf 87' lang='lat' dir='ltr'>trahens</span> <span class='ocrx_word' id='word_1_229' title='bbox 1290 3671 1356 3718; x_wconf 84' lang='lat' dir='ltr'>coc·</span> <span class='ocrx_word' id='word_1_230' title='bbox 1430 3705 1431 3712; x_wconf 74' lang='grc'>,</span> 
     </span>
     <span class='ocr_line' id='line_1_32' title="bbox 403 3741 1354 3842; baseline 0.003 -20"><span class='ocrx_word' id='word_1_231' title='bbox 403 3775 479 3842; x_wconf 86' lang='lat' dir='ltr'>nam</span> <span class='ocrx_word' id='word_1_232' title='bbox 511 3750 546 3822; x_wconf 93' lang='lat' dir='ltr'>in</span> <span class='ocrx_word' id='word_1_233' title='bbox 569 3749 724 3842; x_wconf 67' lang='lat' dir='ltr'>nossem,</span> <span class='ocrx_word' id='word_1_234' title='bbox 749 3751 788 3824; x_wconf 82' lang='grc' dir='ltr'>δι</span> <span class='ocrx_word' id='word_1_235' title='bbox 821 3747 859 3842; x_wconf 88' lang='lat' dir='ltr'>in</span> <span class='ocrx_word' id='word_1_236' title='bbox 885 3741 965 3823; x_wconf 88' lang='lat' dir='ltr'>toto</span> <span class='ocrx_word' id='word_1_237' title='bbox 1001 3751 1354 3832; x_wconf 85' lang='lat' dir='ltr'>convivalicondor·</span> 
     </span>
    </p>
   </div>
   <div class='ocr_carea' id='block_1_3' title="bbox 0 0 1451 4828">
    <p class='ocr_par' dir='ltr' id='par_1_6' title="bbox 0 0 1451 4828">
     <span class='ocr_line' id='line_1_33' title="bbox 0 0 1451 4828; baseline 0 0"><span class='ocrx_word' id='word_1_238' title='bbox 0 0 1451 4828; x_wconf 95' lang='lat' dir='ltr'> </span> 
     </span>
    </p>
   </div>
  </div>
 </body>
</html>
