2932 4824
240 331 246 346 ’
302 309 401 418 rm
426 337 667 412 sciurram
691 337 903 414 seranus.
1030 363 1094 437 n,

8 561 9 566 ,
134 483 243 576 solari.
259 500 349 600 Cum
366 505 513 576 Romam
530 499 872 596 veniliet,hospitem
890 501 1098 601 nactus,qui
1167 546 1196 591 μ
1277 506 1280 514 ’

132 610 293 684 Hadriani
312 611 416 685 vitam
440 611 690 708 imperatoriam
711 613 825 684 eadem
846 614 930 684 hora
954 613 1098 708 legeret,

131 722 229 820 quod
254 720 313 794 srbi
334 747 435 794 omen
458 721 579 794 futurae
603 717 774 794 felicitatis
798 719 946 816 arripuit.
972 723 1100 796 Habuit

131 830 230 904 etiam
248 830 337 904 aliud
346 855 455 904 omen
476 831 618 927 imperii.
639 833 726 903 Cum
741 848 877 928 rogatus
901 831 942 900 ad
963 855 1098 902 coenam

129 935 403 1034 imperatoriam,
416 939 574 1035 'palliatus
590 937 748 1025 venillet,
758 935 815 1033 qui
829 955 963 1036 togatus
977 939 1096 1012 venire

130 1048 310 1138 debuerat,
323 1068 435 1148 togam
454 1049 685 1146 pralidiariam
699 1047 1029 1144 ipsrus'lmperatoris
1042 1075 1096 1123 ac·

130 1161 231 1256 cepit.
250 1163 372 1234 Eadem
397 1163 494 1234 nolle
515 1160 719 1245 somniavit,
742 1158 831 1254 lupae
856 1159 887 1232 se
913 1161 1094 1250 uberibus,
1153 1238 1163 1256 ,
1289 1193 1293 1206 ¹

130 1279 169 1337 ut
191 1269 336 1340 Remum
361 1269 544 1356 inlraerete,
570 1268 628 1338 vet
653 1267 851 1340 Romulum.
876 1268 965 1338 Sedit
996 1272 1036 1344 &v
1059 1269 1096 1342 in

129 1374 209 1465 sella
232 1375 470 1472 imperatoria,
494 1394 652 1448 temerea
677 1371 829 1447 minillro
853 1374 981 1469 posita,
1002 1377 1096 1471 igna-

128 1498 204 1570 tus,
222 1486 327 1583 quod
341 1509 413 1557 non
429 1485 554 1558 liceret.
569 1482 763 1558 Dormienti
783 1482 880 1555 etiam
905 1484 939 1554 in
966 1483 1096 1558 llabulo

129 1593 266 1690 serpens
290 1610 390 1689 caput
416 1591 548 1678 cinxit,
571 1595 609 1666 δι
634 1592 705 1664 sme
726 1616 838 1684 noxa,
857 1591 1097 1691 expergefattis

130 1703 446 1779 &acclamantibus
463 1701 681 1778 familiaribus
692 1721 707 1790 ,¹
718 1702 818 1776 abiit.¹
929 1748 934 1756 x

79 1836 81 1840 ’
180 1819 217 1888 ll.
236 1818 416 1890 iuventam
436 1813 568 1910 plenam
593 1813 766 1900 furorum,
788 1839 1033 1914 nonnunquam
1054 1819 1093 1892 δι

130 1921 331 2012 criminum,
348 1924 475 1997 babuit.
496 1923 662 1998 Adulterii
683 1923 812 1998 causam
834 1923 938 2014 dixit,
956 1924 1094 1999 absolu·

129 2033 248 2130 rusque
265 2033 310 2105 est
329 2059 346 2105 a
362 2033 495 2106 luliano
510 2032 739 2107 Proconsule:
754 2033 809 2106 cui
831 2037 867 2106 bt
885 2033 919 2104 in
940 2034 1096 2142 Procong

130 2137 235 2210 sulatu
251 2133 422 2228 suoceffit,
437 2142 474 2214 dt
490 2141 525 2213 in
539 2139 726 2213 Consulatu
747 2141 877 2236 collega
894 2139 981 2226 fuit,
1001 2146 1038 2216 bt
1057 2145 1093 2218 in

130 2244 275 2344 imperio
297 2248 376 2320 item
400 2247 559 2320 succellrt.
579 2246 793 2340 Quaesturam
815 2247 995 2346 diligenter
1014 2251 1094 2346 egit.
1124 2295 1133 2314 .

8 2423 10 2428 ,
130 2356 302 2428 Omnibus
323 2355 470 2429 sortibus
493 2374 607 2445 natus,
629 2354 763 2427 militati
785 2352 859 2450 post
883 2353 1093 2446 Quaesturam
1136 2350 1137 2354 ¹
1196 2406 1199 2419 ·

129 2463 220 2536 sorte
238 2466 394 2539 Baeticam
413 2466 560 2562 accepit:
578 2483 682 2562 atque
703 2466 781 2536 inde
802 2461 950 2536 Africam
973 2465 1094 2558 petiit,
1133 2497 1135 2502 v

128 2591 169 2644 ut
190 2595 329 2646 mortuo
349 2594 440 2669 patre
455 2599 526 2646 rem
542 2573 758 2672 domellicam
782 2593 1015 2666 componeret.
1030 2573 1094 2645 Sed
1144 2613 1147 2619 ·
1231 2574 1235 2580 ’

128 2685 210 2756 dum
237 2684 272 2754 in
299 2684 410 2757 Africa
430 2685 499 2767 eli,
522 2708 586 2780 pro
618 2684 740 2755 Baetica
762 2683 909 2756 Sardinia
934 2684 965 2756 ei
994 2685 1094 2758 attri-
1181 2697 1206 2760 ἦ

128 2793 208 2866 buta
226 2792 292 2882 est,
313 2795 407 2891 quod
421 2793 582 2866 Baeticam
604 2794 714 2866 Mauri
734 2791 995 2889 populabantur.
1011 2797 1111 2881 Atta,
1164 2885 1166 2890 Ι
1211 2865 1215 2877 ,

129 2901 233 3000 igitur
246 2903 428 2997 Quaestum
444 2903 664 2992 Sardiniensi,
679 2891 880 3002 legationem
899 2907 1094 2979 Proconsu-

51 3108 53 3112 .
129 3015 173 3084 lis
195 3013 318 3088 Africae
337 3013 477 3110 accepit.
497 3020 534 3086 ln
552 3039 617 3112 qua
636 3015 806 3112 legatione
827 3038 903 3088 curn
916 3039 999 3097 ‚eum
1019 3017 1094 3113 qui·

130 3123 206 3194 dam
221 3125 429 3221 municipum
444 3123 582 3196 luorum
595 3126 790 3219 Leptitanus
800 3179 811 3215 ,
821 3126 1091 3220 precedentibus

130 3228 293 3322 fascibus,
309 3251 345 3305 ut
363 3232 536 3328 antiquum
560 3233 836 3307 contubernalem
855 3233 922 3330 ipse
941 3237 1091 3330 plebeius

130 3339 304 3434 amplexus
325 3339 424 3428 ellet,
446 3335 585 3410 fustibus
613 3364 688 3410 eum
710 3339 769 3410 sub
797 3340 914 3437 elogio
942 3341 1090 3433 ejusdem

130 3447 298 3543 praeconis
312 3447 454 3534 cecidit,
474 3451 623 3542 Legatum
636 3454 747 3542 populi
761 3452 904 3520 Romani
919 3454 1010 3520 bomo
1018 3455 1089 3541 ple·

130 3559 218 3646 bajus
236 3583 339 3630 temere
359 3552 497 3652 amplec‘li
514 3562 591 3657 noli,
608 3574 650 3628 ert
671 3581 741 3652 quo
763 3556 881 3629 fabium
904 3555 970 3641 ell,
991 3576 1028 3624 ut
1052 3555 1089 3626 in

130 3667 291 3739 vehiculo
310 3666 410 3738 etiam
441 3666 540 3764 legati
570 3662 739 3751 lederent,
764 3667 922 3757 quiante
951 3661 1090 3754 pedibus

131 3776 358 3852 ambulabant.
381 3779 482 3851 Tunc
507 3776 543 3848 in
564 3775 708 3872 quadam
736 3775 881 3848 civitate
907 3770 1087 3863 Africana,
