2856 4824
346 298 418 394 284
506 301 679 376 AELII
727 301 1160 380 LAMPRlDll

338 471 383 536 ‘ut
406 461 545 562 quidam
570 462 775 560 predicant,
802 463 992 540 Hadrianus
1021 466 1195 544 habuisset.
1219 467 1306 544 Usus

344 570 506 644 convivii
526 569 664 644 diurnus
679 570 734 646 hic
751 569 833 646 fuitr
854 571 928 646 vini
947 574 1111 648 adrutum
1128 575 1305 650 diemsex·

344 679 421 753 tarii
446 679 602 778 triginta,
625 679 719 775 panis
740 679 857 752 mundi
885 683 1006 778 pondo
1025 681 1184 778 triginta,
1212 685 1307 780 panis

344 790 513 890 sequentis
534 792 576 865 ad
596 789 791 864 donandum
812 792 932 885 pondo
946 792 1203 890 quinquaginta.
1219 796 1307 868 Nam

343 897 473 994 semper
491 900 533 971 de
557 923 657 970 manu
674 895 728 973 sua
744 893 903 972 ministris
925 896 1085 971 conuiuii
1103 901 1141 972 δι
1162 925 1305 996 panem,

341 1009 383 1082 δι
410 1028 519 1104 partes
543 1026 609 1088 ¹aut
639 1007 795 1094 olerum,
827 1023 885 1080 aut
913 1007 1049 1096 carnis,
1076 1029 1133 1080 aur
1163 1009 1307 1106 legumi-

343 1141 426 1188 num
449 1117 568 1204 dabat,
590 1115 685 1190 senili
711 1115 848 1213 prorsus
871 1116 1059 1190 maturitate
1080 1116 1309 1214 patremfami-

344 1225 405 1300 lias
423 1251 535 1328 agens.
557 1229 660 1300 Erant
678 1228 811 1302 decreta
829 1228 868 1300 &
891 1225 1001 1300 carnis
1024 1227 1163 1302 diversae
1187 1229 1307 1324 pondo

344 1336 504 1436 triginta,
531 1356 627 1411 erant
652 1335 883 1434 &gallinacei
911 1337 993 1409 duo.
1018 1336 1248 1410 Adhibebatur
1269 1341 1308 1412 δι
1397 1418 1402 1433 Ι

344 1452 441 1526 anser
462 1449 578 1526 diebus
608 1449 716 1524 sessis:
740 1448 904 1554 Kalendis
931 1471 1041 1523 autem
1065 1451 1249 1540 Ianuariis,
1271 1455 1308 1525 δι
1399 1497 1404 1558 q

343 1558 473 1633 hilariir
498 1561 614 1634 Matris
637 1558 774 1644 Delum,
795 1561 833 1634 ἃ
862 1557 950 1632 ludis
973 1557 1246 1654 Apollinaribus,
1268 1561 1308 1632 δι
1402 1559 1404 1626 ἶ

342 1667 441 1742 lovis
460 1671 584 1764 epulo,
607 1670 645 1742 δι
664 1667 919 1756 Saturnalibus,
943 1669 981 1741 δι
1006 1665 1199 1758 hujusmodi
1222 1666 1309 1740 sestis
1394 1681 1402 1708 ⁸

344 1778 481 1868 diebus,
498 1778 656 1852 fasianus:
675 1778 720 1853 ita
737 1798 776 1851 ut
794 1777 976 1874 aliquando
993 1777 1032 1854 δι
1048 1777 1118 1850 duo
1137 1803 1309 1872 poneren-

341 1905 422 1974 tur,
441 1888 563 1962 additis
587 1886 779 1986 gallinaceis
804 1889 949 1963 duobus.
969 1891 1122 1986 leporem
1151 1890 1310 1983 quotidie

343 1996 480 2084 babuit,
495 1998 713 2071 venationem
727 1996 936 2096 frequentem
949 1997 1111 2072 :sedeam
1125 2021 1202 2069 cum
1221 1997 1309 2072 ami·

344 2107 393 2182 cis
415 2108 605 2198 dividebat,
624 2112 663 2183 δι
680 2107 731 2182 his
755 2107 919 2194 maxime,
942 2131 1031 2205 quos
1047 2105 1169 2181 sciebat
1194 2131 1255 2203 per
1278 2107 1311 2182 se

236 2241 241 2252 ·
343 2240 416 2288 non
439 2217 571 2290 habere.
593 2243 655 2290 nec
672 2215 836 2290 divitibus
854 2216 1038 2314 quidquam
1056 2215 1172 2290 talium
1190 2228 1309 2289 mune·

343 2346 422 2400 rum
440 2325 545 2416 misit,
562 2326 617 2400 sed
633 2326 676 2400 ab
693 2323 745 2398 his
767 2324 896 2419 semper
917 2324 1059 2419 accepit.
1078 2323 1203 2396 Habuit
1218 2349 1309 2420 quo·
1401 2367 1402 2370 =

343 2437 426 2510 tidie
445 2437 529 2511 milii
552 2437 619 2514 fine
640 2437 756 2535 pipere
779 2433 939 2510 sextarios
961 2453 1129 2532 quatuor,
1153 2458 1232 2508 cum
1255 2435 1310 2530 pi·
1403 2473 1404 2482 2

339 2571 425 2641 pere
446 2548 532 2622 duo:
554 2550 617 2633 δι,
637 2573 680 2622 ne
697 2548 737 2620 srr
751 2546 894 2644 longum
908 2546 1023 2618 omnia
1045 2543 1211 2632 inserere,
1233 2569 1311 2640 qua
1399 2485 1404 2624 i

343 2654 516 2753 Gargilius
534 2656 698 2729 Martialis
720 2655 792 2750 ejus
812 2654 977 2750 temporis
995 2651 1140 2749 scriptor
1159 2653 1310 2750 fingula·

343 2765 407 2850 tim
425 2757 618 2860 persecutus
634 2766 701 2852 est,
726 2766 843 2838 omnia
865 2766 965 2841 &ad
987 2765 1127 2837 modum
1149 2761 1310 2837 &ratio-
1403 2783 1404 2844 l

343 2899 423 2947 nem
444 2868 495 2946 illi
517 2873 595 2947 sunt
611 2872 763 2971 praebita.
781 2872 895 2947 Pomis
916 2873 1134 2946 vehementer
1154 2869 1311 2962 indulfit,
1398 2967 1401 2977 A

342 2981 393 3056 ita
412 2979 609 3064 ut'secunda
628 2982 739 3059 mensa
757 2983 849 3056 illins
866 2983 984 3078 sepius
1000 3000 1232 3078 ponerenturr
1248 3006 1310 3053 un·

343 3091 386 3162 de
399 3090 499 3162 etiam
512 3090 608 3184 jocus
619 3093 764 3178 exstitit,
777 3094 1036 3186 Nonsrcundam
1047 3092 1187 3184 mensum
1200 3097 1309 3163 Alex-
1403 3083 1404 3124 ⁴

194 3239 199 3252 ·
345 3209 479 3276 andrum
500 3208 624 3292 habere,
632 3206 888 3298 sedsrcundurn.
901 3202 1074 3300 lpsecibo
1092 3202 1314 3298 plurimoru-

344 3314 538 3403 liciebarur;
561 3316 647 3390 vino
672 3341 781 3416 neque
799 3341 919 3414 parce,
938 3319 1049 3413 neque
1072 3311 1235 3409 copiose,
1255 3309 1311 3400 as·
1403 3373 1404 3380 t

273 3441 278 3446 ’
344 3425 438 3500 satim
457 3448 577 3500 tamen.
598 3427 728 3525 Frigida
746 3425 873 3524 semper
899 3453 982 3525 pura
1000 3424 1094 3516 usus,
1115 3423 1226 3498 estate
1247 3421 1310 3496 ,vi-

271 3601 276 3606 .
344 3561 395 3611 no
418 3561 494 3611 cum
514 3538 590 3611 rosa
615 3535 777 3612 condito:
803 3537 899 3632 quod
920 3535 1056 3633 quidem
1075 3529 1311 3608 solumerrdi·

345 3644 446 3722 verso
468 3671 590 3740 genere
610 3644 821 3742 Heliogabali
837 3662 1003 3720 tenuerat.

408 3757 667 3849 XXXVllbh
690 3755 855 3858 quoniam
876 3755 918 3834 de
944 3752 1125 3856 lepusculis
1146 3749 1234 3834 taur
1263 3747 1311 3828 est
