2782 4814
356 379 405 452 2⁶
479 317 1160 452 ¹unrr'srnnrrnur

356 533 463 630 jussu.-
477 536 572 631 quod
591 559 668 606 curn
694 532 866 629 proditum
891 533 995 624 esset,
1018 537 1057 610 dt
1081 534 1116 606 in
1142 527 1313 606 Antonini

358 645 462 740 usque
481 643 636 726 notitiam
655 642 813 732 venisset,
829 642 976 741 ingressu
994 644 1036 716 ad
1049 644 1080 716 se
1099 641 1260 738 praefesiis
1273 645 1314 716 δι

223 751 225 758 ⁴
358 751 456 840 fitia,
474 750 694 849 rogantibuS,
712 777 847 846 unoquo
867 757 975 825 auimo
994 751 1190 850 neceffitatem
1212 753 1315 822 morbi

277 933 282 942 ,
351 863 469 954 ferun
485 863 587 935 ira'tus
603 861 693 950 illis,
708 862 876 936 auderem
894 855 1095 956 proditionis
1112 861 1203 956 juffit
1219 858 1316 932 occi-

359 971 419 1044 di:
439 970 497 1068 qui
516 990 627 1046 tamen
651 974 694 1044 ab
723 971 902 1054 Antonino
919 971 1076 1044 servatus
1095 969 1163 1058 esi,
1181 970 1318 1043 dicente

360 1080 556 1168 Antonino,
564 1085 758 1177 parricidam
763 1086 801 1176 se
806 1084 953 1174 futurum
962 1135 973 1172 ,
976 1083 1014 1181 st
1022 1084 1246 1165 Hadrianum,
1261 1087 1316 1151 ad*

360 1214 486 1282 optams
501 1193 577 1286 ipse,
586 1215 741 1286 pateretur
753 1196 863 1263 occidi.
880 1188 1062 1285 Statimque
1079 1188 1314 1260 testamentum

360 1296 507 1393 scripsit:
528 1324 591 1371 uec
608 1318 718 1374 tamen
731 1300 821 1372 atius
837 1297 1033 1399 reipublice
1045 1297 1263 1394 praetermisrt.
1275 1299 1317 1367 Et

361 1407 437 1502 post
455 1406 686 1480 testamentum
706 1407 841 1504 quidem
861 1405 982 1482 iterum
1007 1405 1040 1476 se
1059 1424 1200 1478 conatus
1219 1404 1317 1475 occi·

362 1506 464 1603 dere,
486 1514 653 1588 subtrasio
675 1517 847 1611 pugione,
871 1513 995 1586 savior
1018 1511 1197 1592 fusiusest.
1221 1511 1318 1606 petiit

364 1627 401 1698 dt
416 1648 582 1710 venenum
598 1623 847 1720 amedico:qui
859 1622 990 1718 seipse,
1004 1645 1047 1695 ne
1058 1623 1168 1710 daret,
1181 1621 1319 1696 occidit.

411 1735 527 1806 XXV.
549 1735 597 1805 Ea
622 1732 815 1829 tempestate
843 1729 1033 1828 supervenit
1059 1731 1210 1828 quaedam
1236 1756 1318 1802 mu·
1366 1749 1369 1756 ’

366 1844 447 1932 liet,
464 1867 539 1940 quae
557 1843 836 1938 diceret,somuio
847 1846 885 1936 se
901 1845 1076 1928 monitam,
1090 1865 1126 1912 ut
1148 1842 1321 1940 infinuaret

266 2020 268 2025 ,
363 1956 561 2041 Hadriano,
578 1981 616 2024 ue
628 1954 666 2044 se
688 1956 846 2039 occideret,
861 1956 944 2046 quod
958 1947 1024 2048 effu
1042 1955 1115 2021 bene
1134 1953 1287 2020 valiturus
1304 1964 1322 2020 .·’

364 2065 448 2154 quod
467 2088 536 2166 cum
556 2088 621 2132 uon
629 2059 767 2158 feciffet,
779 2057 832 2159 effi
846 2083 999 2132 curatam.
1011 2055 1132 2157 Juffizm
1146 2085 1249 2128 tamen
1262 2060 1320 2128 ite·

365 2197 452 2253 rum,
467 2173 636 2244 Hadriano
656 2176 761 2242 eadem
779 2177 909 2258 diceret,
924 2196 1012 2264 atque
1027 2197 1128 2266 genua
1149 2170 1214 2257 ejus
1226 2172 1320 2260 oscu-

366 2289 497 2369 laretur,
511 2305 662 2373 receptura
683 2283 785 2374 uisum
797 2335 806 2366 ,
815 2281 854 2378 st
862 2286 899 2352 id
902 2279 1030 2378 feciffet.
1046 2279 1155 2371 Quod
1169 2301 1245 2350 curn
1264 2277 1322 2388 irp-

366 2387 536 2462 somnium
549 2387 729 2483 implesset,
744 2388 863 2462 oculos
877 2388 1002 2483 recepit
1012 2413 1024 2471 ;
1036 2402 1112 2460 cum
1126 2408 1231 2480 aqua,
1244 2411 1323 2481 qua

366 2496 403 2570 in
426 2497 508 2573 sano
524 2521 614 2590 erat,
627 2526 668 2573 err
688 2526 759 2596 quo
780 2520 936 2590 venerat,
948 2495 1240 2573 oculosabsuiffet.
1255 2503 1321 2570 Ve-

368 2606 470 2682 nit&
489 2609 530 2682 de
544 2609 717 2683 Pannonia
732 2609 865 2709 quidam
880 2628 974 2684 natus
995 2630 1103 2682 cocus
1120 2606 1162 2678 ad
1175 2603 1323 2678 febrien-

369 2735 436 2786 tem
466 2715 693 2801 Hadrianum,
712 2737 855 2808 eumque
883 2713 1054 2810 contigit:
1077 2727 1147 2809 quo
1168 2708 1258 2782 fatto
1284 2714 1322 2784 δι

369 2820 439 2915 ipse
459 2821 579 2893 oculos
608 2819 754 2914 recepit,
770 2824 806 2892 δι
830 2821 1035 2891 Hadrianum
1052 2819 1153 2892 febris
1171 2819 1323 2915 reliquit:

247 2975 250 2981 ·
367 2927 525 3023 quamvis
547 2927 673 3000 Marius
698 2927 887 3011 Maximus,
903 2927 976 2998 hac
1000 2951 1059 3021 per
1076 2925 1324 3000 simulationem

370 3035 474 3124 fasta,
487 3052 741 3110 commemoret.
763 3035 839 3108 Pon
853 3034 919 3108 hoc
938 3033 1124 3108 Hadrianus
1147 3032 1239 3129 Bajas
1263 3061 1324 3131 pe-

367 3143 445 3234 tiit,
465 3145 645 3220 Antonino
658 3146 778 3218 Romae
797 3145 838 3218 ad
858 3144 1090 3237 imperandum
1112 3145 1241 3217 renuo.
1255 3145 1324 3217 Ubi

369 3279 448 3328 cum
474 3256 558 3327 nihil
577 3255 777 3352 proficeret,
796 3255 949 3330 arcessito
969 3254 1167 3343 Antonino,
1184 3255 1219 3324 in
1240 3280 1325 3328 con·

357 3363 482 3464 yspedu
495 3361 566 3460 ejus
579 3368 666 3462 apud
682 3368 765 3463 ipsas
778 3365 871 3459 Bajas
884 3366 1005 3462 periit,
1022 3365 1076 3436 die
1091 3364 1187 3436 sexto
1203 3363 1324 3435 Iduum

333 3524 336 3532 ι
371 3475 546 3573 luliarum.
566 3476 762 3574 Invisusque
780 3466 936 3550 omnibua
948 3527 959 3564 ,
972 3474 1115 3570 sepultus
1132 3474 1178 3547 est
1192 3473 1228 3545 in
1245 3473 1326 3545 vissa

372 3583 596 3660 Ciceroniana
615 3587 774 3664 Puteolis.
795 3585 864 3658 Sub
883 3584 958 3680 ipso
976 3585 1095 3658 mortis
1114 3601 1268 3678 ternpore
1286 3584 1326 3656 δι

301 3775 302 3778 ¹
372 3696 594 3786 Servianum,
606 3696 789 3794 nonaginta
804 3719 913 3770 annos
926 3713 1077 3796 agentem
1091 3747 1101 3780 ,
1113 3716 1153 3766 ut
1165 3692 1261 3790 supra
1276 3691 1326 3763 di·

375 3811 462 3914 stum
481 3811 548 3906 en,
564 3833 606 3884 ne
620 3809 679 3883 fibi
702 3795 952 3906 superviveret,
963 3823 1062 3905 atque
1078 3805 1140 3906 (ut
1157 3800 1324 3904 putabat)
