2884 4828
241 249 321 355 ἰι
357 281 490 356 nur.
525 281 952 360 ιιιιιοιοιιιυι.
1045 285 1089 378 ⁶3

127 444 365 528 cumfratre
355 472 391 519 m
420 445 585 523 vehiculo
611 445 756 542 Lucius,
773 446 955 546 apoplexia
976 471 1094 523 corte·

152 577 231 641 tus
278 558 396 635 eriit.

126 581 151 654 Ρ
177 583 396 735 XVPFuit
371 665 480 732 autem
502 609 714 730 consuetudo
734 656 881 744 Marco,
894 673 933 728 ut
953 655 988 728 in
1009 654 1093 736 Cir·

17 815 20 894 p
127 764 277 837 cenfium
301 764 490 862 speuactuo
511 765 654 864 legeret,
671 763 894 862 audiretque
890 789 929 838 ac
954 763 1095 839 subscri·

17 909 19 922 ι
127 870 244 946 beret:
263 896 305 944 ex
325 896 396 969 quo
416 872 551 968 quidem
568 869 676 970 saepe
668 869 756 965 locis
773 871 993 969 populatibus
1010 870 1094 947 dici·
1098 869 1101 878 ’

17 971 19 980 ’
99 1049 103 1059 ,
127 1000 185 1055 tur
210 983 386 1058 laceffitus.
407 983 558 1056 Multum
577 982 653 1056 sane
682 999 869 1076 potuerunt
895 982 1008 1056 liberti
1031 984 1092 1058 sub

128 1094 249 1166 Marco
269 1095 306 1167 dt
324 1095 439 1182 Vero,
454 1091 615 1168 Geminas
630 1093 669 1166 δι
686 1090 881 1190 Agaclytus
896 1093 1016 1166 Tanta
1032 1117 1093 1166 au·
1186 1169 1188 1174 ,

127 1224 197 1276 tem
218 1198 481 1289 sanditatiafuit
502 1199 662 1291 Marcus,
681 1219 719 1272 ut
739 1199 823 1277 Veri
844 1199 986 1278 vitia&
1006 1201 1093 1276 cela·

126 1311 244 1411 veritp
260 1313 300 1384 dd
315 1309 522 1402 defenderit,
538 1335 615 1384 cum
634 1310 666 1382 ei
681 1309 966 1382 vehementissime
979 1310 1092 1408 displi-

125 1441 263 1511 cerent,
274 1441 518 1520 mortuumque
529 1437 607 1493 eum
619 1423 747 1492 Divum
761 1419 998 1516 appellaverit:
1010 1422 1093 1496 ami·

17 1601 18 1604 ,
127 1531 242 1628 tafque
258 1530 330 1622 ejus
347 1533 386 1604 δι
406 1528 743 1602 sorores'honoribus
757 1531 795 1606 δι
809 1529 932 1604 salariis
949 1530 1103 1606 decretis'

17 1659 18 1678 ²
125 1643 356 1717 sublevaverit
367 1660 468 1740 atque
478 1640 698 1736 provexerit:
715 1639 879 1738 sacrisque
889 1665 965 1714 eum
984 1643 1091 1738 pluri-

126 1750 192 1824 mis
210 1748 443 1842 honoraverit.
462 1748 642 1822 Flaminern
659 1746 698 1823 dc
718 1749 969 1832 Antoninianos
989 1751 1091 1825 soda-

126 1863 175 1935 les
187 1915 198 1950 ,
209 1863 249 1935 δι
267 1885 386 1938 omnes
392 1862 575 1951 honores,
589 1885 649 1958 qut
638 1860 768 1935 Divis
785 1861 971 1952 hahentur,
981 1861 1091 1936 eidem

127 1952 312 2048 dedicavit.
337 1973 457 2045 Nemo
470 1972 516 2044 est
531 1971 748 2091 Principum,
767 1998 866 2070 quern
881 1998 953 2046 non
979 1974 1092 2072 gravis
1127 1991 1137 2010 ·

126 2081 216 2154 fama
233 2077 449 2178 perstringat3
467 2079 571 2176 usque
591 2068 704 2169 aded,
720 2096 759 2154 ut
777 2081 880 2155 etiam
899 2082 1063 2156 Marcus
1053 2107 1090 2155 ιιι

126 2189 319 2263 sermonem
333 2186 484 2277 venerit,
498 2187 594 2286 quod
606 2189 734 2266 Verum
748 2188 807 2262 vel
825 2213 960 2262 veneno
974 2189 1022 2264 ita
1034 2209 1091 2262 tu-

17 2319 18 2322 ’
125 2302 224 2391 lerit,
242 2325 281 2376 ut
301 2320 395 2400 parte
412 2301 515 2377 cultri
528 2327 664 2376 veneno
683 2301 742 2376 lita
760 2305 898 2380 vulvam
913 2305 1091 2396 inciderit,

126 2425 331 2490 venenatam
359 2434 487 2511 partem
507 2409 602 2484 fratri
623 2412 786 2486 edendam
815 2414 1025 2508 propinans,
1051 2417 1091 2490 dc

126 2521 188 2595 fibi
201 2523 377 2620 innoxiam
390 2522 648 2596 reservanscvel
661 2520 996 2615 certepermedicum
1005 2521 1097 2603 Pon,

80 2711 83 2716 ,
126 2629 404 2727 dippum‚quiei
416 2623 607 2726 sanguinem
619 2628 854 2724 intempestive
869 2629 1091 2720 dicituremi·

126 2739 353 2815 fine.cats1us
374 2737 451 2864 post
469 2760 615 2812 mortem
637 2739 718 2814 Veri
733 2766 751 2812 a
766 2743 887 2814 Marco
911 2739 1065 2814 descivit.

175 2845 272 2945 XVl.
293 2848 390 2924 Jam
380 2874 417 2920 ιιι
436 2848 514 2924 suos
528 2865 618 2924 tanta
633 2851 697 2923 fuit
713 2851 920 2947 benignitate
932 2854 1088 2942 Marcus,
1203 2932 1206 2948 ¹

126 2977 185 3048 ut,
203 2984 282 3032 curn
302 2959 338 3030 in
356 2981 476 3034 omnes
494 2957 707 3056 propinquos
724 2961 848 3034 euntia
868 2960 1009 3033 honoris
1029 2987 1090 3035 or·
1107 3031 1108 3035 ,

125 3087 285 3144 namenta
305 3068 506 3157 contulerit,
518 3087 589 3145 tum
610 3069 646 3141 in
665 3065 770 3141 filium
785 3071 1036 3160 Commodum,
1050 3075 1089 3148 &

126 3176 266 3274 quidem
280 3174 449 3250 scelestum
463 3180 564 3272 atque
581 3151 773 3274 impurum,
784 3177 856 3251 cito
869 3204 997 3254 nomen
1012 3182 1090 3252 Cae·

126 3285 227 3373 saria,
244 3285 283 3358 δι
302 3307 386 3355 mox
409 3281 660 3370 sacerdotium,
680 3283 855 3382 statimque
875 3307 1001 3363 nomen
1021 3291 1089 3360 lm·

127 3391 294 3489 peratoris
312 3417 352 3464 ac
372 3390 536 3488 triumphi
555 3393 847 3490 participationem
867 3399 905 3470 δι
925 3397 1088 3470 Consula-

126 3520 210 3576 tum.
224 3525 300 3599 quo
317 3500 453 3597 quidem
467 3520 621 3597 tempore
640 3505 712 3575 stne'
726 3507 941 3601 Imperatoris
959 3503 1032 3576 filio
1046 3507 1090 3579 ad
1190 3519 1192 3525 “

128 3612 367 3710 triumphalem
390 3635 524 3696 curtum
538 3611 573 3702 in
588 3614 694 3688 Circo
711 3616 812 3710 pedes
833 3616 993 3692 cucurrit.
1012 3615 1089 3689 Post
1191 3709 1192 3712 Ἴ

127 3725 210 3808 Veri
230 3721 392 3824 obitum,
410 3725 552 3802 Marcus
573 3725 767 3802 Antoninus
788 3726 881 3828 solua
900 3725 1096 3826 rempubl&
