2932 4824
330 255 452 393 '160
538 268 1192 392 ntttsrn‘urrnur

380 505 423 552 ne
443 477 541 552 nobis
566 477 758 564 Antonini,
778 477 854 553 Pius
877 479 916 551 δι
934 483 1087 569 Marcus,
1103 479 1241 553 numina
1256 475 1345 554 Rei·

371 587 551 682 ]publicae,
572 604 776 675 occurram,
800 586 976 660 veniamus
1007 591 1048 660 ad
1072 589 1215 685 genitos.
1245 589 1346 681 Quid

258 747 272 798 ιΙ
380 702 500 774 Marco
514 697 645 771 felicius
666 695 793 783 fuiffet,
810 697 833 767 sr
850 698 1081 774 Commodum
1097 723 1166 770 non
1186 694 1346 796 reliquisss

381 809 428 882 set
448 807 630 884 heredem?
645 807 740 899 Quid
760 809 891 898 Severo
911 808 1095 903 Septimi0,
1113 808 1136 880 sr
1157 808 1345 880 Baffianum
1460 797 1461 832 ³

382 945 454 992 noo
473 918 664 1016 genuiffer?
679 917 738 1015 qui
760 917 868 1012 statim
889 918 1114 992 insimulatum
1129 920 1265 992 fratrem
1289 917 1345 990 in·

380 1027 536 1100 sidiarum
552 1045 673 1098 contra
696 1027 728 1099 se
747 1026 993 1124 cogitatarum,
1010 1027 1213 1121 parricidiali
1240 1025 1345 1100 etiam

381 1136 547 1236 figmento
573 1137 766 1219 interemite
783 1136 842 1232 qui
865 1162 1070 1228 novercam,
1089 1163 1229 1212 matrem
1258 1137 1345 1235 quin

382 1243 509 1336 immo,
530 1246 566 1317 in
578 1243 673 1334 cujus
697 1244 768 1317 finu
789 1247 910 1331 Getam
926 1241 1033 1316 filium
1055 1243 1126 1337 ejus
1141 1243 1344 1329 occiderat,

383 1379 525 1428 uxorem
538 1355 654 1426 duxit:
670 1355 727 1448 qui
742 1355 960 1450 Papinianum
974 1352 1055 1448 juris
1069 1353 1215 1452 asylum,
1228 1357 1265 1427 δι
1280 1354 1345 1425 do·

383 1463 498 1536 urina
523 1463 637 1559 legalis
659 1463 869 1556 thesaurum,
885 1465 981 1560 quod
1002 1464 1215 1559 parricidium
1239 1488 1346 1535 excu-
1460 1449 1461 1532 J

384 1573 454 1645 sare
463 1572 642 1662 noluisset,
656 1573 803 1660 occidit,
816 1575 855 1646 δι
869 1571 1061 1668 praefectum
1080 1572 1210 1672 quidem
1226 1573 1344 1660 suum,
1460 1639 1461 1676 ἐ

317 1734 320 1740 -
384 1706 427 1754 ne
454 1679 587 1752 homini
613 1705 673 1774 per
695 1680 729 1754 se
754 1683 793 1754 δι
815 1683 1072 1778 per-scientiam
1103 1684 1190 1757 suam
1217 1704 1345 1782 magno
1460 1741 1461 1760 t

385 1789 506 1863 deeffet
524 1789 562 1862 δι
581 1788 733 1885 dignitas.
761 1792 943 1890 Denique,
963 1815 999 1866 ut
1020 1793 1082 1865 alia
1103 1795 1282 1883 omittam,
1302 1815 1346 1865 ert

384 1899 483 1990 huius
500 1898 652 1971 motibus
667 1893 788 1970 faetu‘m
803 1918 909 1994 puto,
926 1923 962 1974 ut
984 1905 1127 1974 Severus
1144 1901 1271 1974 tristior
1291 1900 1347 1974 vir
1460 1895 1461 1974 Ῑ

385 2009 427 2080 ad
447 2006 563 2080 omnia
574 2042 587 2095 ,-
608 2005 714 2078 immo
737 2001 836 2080 etiam
858 2009 1050 2098 crudelior,
1070 2010 1199 2105 pius&
1223 2010 1346 2106 dignus
1460 2015 1461 2042 *

385 2118 545 2191 Deorum
564 2115 721 2187 altaribus
742 2117 932 2190 duceretur.
951 2119 1010 2214 qui
1034 2118 1170 2214 quidem
1191 2118 1346 2189 divinam
1460 2141 1461 2170 ³

385 2223 532 2302 Sallustii
554 2226 770 2315 orationem,
795 2253 862 2326 qua
883 2228 1024 2320 Micipsa
1050 2226 1138 2301 filios
1163 2229 1205 2300 ad
1221 2251 1347 2322 pacem
1460 2253 1461 2256 ’

348 2437 353 2446 ι
385 2331 559 2426 hortatur,
573 2337 766 2431 ingravatus
780 2339 904 2410 morbo
919 2337 1035 2411 misrffe
1053 2337 1124 2410 filio
1140 2338 1264 2412 dicitur
1277 2363 1348 2410 ma·

386 2447 465 2544 jori.
486 2447 589 2543 idque
606 2446 736 2522 frustra.
751 2451 770 2488 ⁴*
783 2448 820 2520 δι
838 2449 1013 2521 hominem
1035 2447 1348 2546 tantumvaletudi·
1460 2457 1461 2510 ξ

388 2582 440 2630 ne.
470 2555 567 2629 Vixit
586 2555 732 2650 denique
753 2555 788 2626 in
812 2556 904 2628 odio
917 2557 1036 2654 populi
1056 2558 1113 2630 diu
1128 2551 1347 2647 Antoninus,

389 2691 584 2762 nomenque
605 2666 690 2736 illud
709 2665 852 2738 sanetum
873 2692 912 2741 ac
928 2669 1118 2740 venerabile
1138 2668 1220 2758 diu,
1235 2669 1347 2740 minus

369 2783 535 2847 'amatum
548 2774 615 2846 est:
635 2776 791 2870 quamvis
812 2778 850 2848 δι
872 2777 1067 2868 vestimenta
1087 2780 1222 2875 populo
1246 2780 1347 2851 dede·

356 2973 357 2976 Ἴ
389 2885 455 2972 rit,
477 2881 592 2980 (unde
617 2885 798 2956 caracallus
820 2884 867 2956 est
887 2883 1020 2984 didus)
1043 2889 1079 2960 δι
1098 2887 1248 2960 thermas
1274 2913 1346 2960 ma·

390 2990 671 3092 gnificentiffimas
695 2992 824 3068 fecerit.
851 2995 964 3068 Exstat
984 2999 1061 3071 sane
1085 3001 1205 3070 Romae
1230 2995 1349 3070 Severi

306 3199 309 3206 ¹
390 3101 561 3198 porticus,
580 3102 667 3197 gessa
686 3101 758 3194 ejus
777 3104 989 3201 exprimens,
1007 3105 1148 3198 afilio,
1169 3107 1348 3205 quamplu-

391 3210 480 3282 rimo
503 3211 649 3301 decore,
670 3211 797 3286 structa.
901 3295 906 3304 ¹

438 3321 547 3400 xxti.
570 3319 669 3416 Signa
690 3321 808 3421 mortis
820 3320 891 3415 ejus
912 3323 984 3398 haec
1000 3321 1145 3399 fuerunt.
1162 3321 1232 3422 rpse
1257 3321 1349 3396 som·

391 3427 501 3500 niavit
511 3481 523 3517 ,
539 3451 684 3525 quatuor
697 3430 816 3526 aquilis
835 3434 1054 3529 &gemmato
1072 3459 1193 3524 curru,
1207 3460 1351 3529 praevo·

392 3537 493 3626 laute,
509 3537 622 3626 nescio
634 3564 700 3634 qua
709 3591 720 3627 ,
731 3538 858 3635 ingenti
872 3542 1016 3616 humana
1032 3542 1160 3639 specie,
1170 3545 1211 3615 ad
1223 3545 1351 3618 coelum

393 3645 425 3718 se
444 3666 599 3741 raptum,
615 3670 757 3743 cumque
771 3659 964 3742 raperetur,
977 3653 1150 3750 odoginta
1166 3655 1204 3724 δι
1221 3675 1349 3729 novem
1455 3667 1461 3734 ζ

393 3779 553 3847 numeros
572 3753 788 3854 explicuiffe,
810 3746 917 3854 (ultra
939 3781 1026 3857 quot
1049 3781 1159 3832 anno-s
1180 3785 1223 3834 ne
1244 3781 1350 3834 unum
1460 3843 1461 3846 Ἴ
