2932 4824
354 323 421 418 t58
512 307 1169 438 AEtrrvsuaurrattt

351 495 499 579 terarum
512 483 548 554 dt
561 476 688 552 militia
702 477 815 554 officia
829 480 872 551 ad
885 477 1064 574 imperium
1078 477 1229 576 plurimis
1242 503 1321 578 gra·

352 591 452 664 dibus
472 587 608 662 fortuna
626 585 787 679 duxiffet,
812 589 934 662 Omnia
954 588 1112 688 (inquit)
1122 592 1198 682 fui,
1215 587 1247 662 o
1264 593 1322 664 rti-

353 702 404 772 ltr'l
418 697 556 793 expedit.
1429 781 1430 798 ἵ

402 811 499 884 XIX.
512 805 615 882 Periit
630 807 776 883 Eboraci
789 810 825 882 itt
843 806 1031 898 Britannia,
1049 809 1189 883 subadis
1205 807 1321 908 genti·

225 967 227 972 ·
354 917 527 1014 bus,quae
546 913 728 994 Britanniae
749 916 951 990 videbantur
970 916 1118 1006 insede,
1138 941 1232 992 anno
1253 915 1321 987 im·

280 1117 284 1136 Ι
355 1028 443 1126 perii
461 1025 595 1100 decimo
617 1029 763 1112 0&an
780 1030 904 1102 morbo
924 1013 1119 1126 gravissimo
1137 1027 1321 1101 exstimans

333 1138 424 1234 ‘jam
444 1135 718 1237 senex.'Reliquit
732 1135 823 1212 filios
843 1141 948 1226 duos,
962 1139 1174 1210 Antoninum
1198 1136 1321 1210 Baffia·
1433 1149 1434 1170 ¹

357 1247 1320 1352 uum,&Getam,cui&ipst,inhonorem‘Matci,An·
1434 1263 1435 1276 ¹

356 1358 472 1432 touini
495 1383 621 1432 nomen
637 1359 810 1457 imposuit.
825 1359 938 1432 lllatus
960 1358 1113 1456 sepulcro
1128 1357 1234 1431 Marci
1251 1359 1322 1428 An·
1338 1431 1342 1440 ,
1435 1381 1436 1384 “

357 1468 486 1556 tonini,
499 1495 601 1565 quem
614 1494 658 1542 ex
668 1469 829 1543 omnibus
841 1469 1103 1564 Imperatoribus
1115 1485 1243 1541 tantum
1251 1480 1322 1538 ,co-

358 1572 439 1665 luit,
453 1595 496 1657 ,ut
516 1582 554 1652 δι
572 1580 804 1652 Commodum
825 1579 860 1652 in
881 1579 998 1654 Divos
1014 1579 1174 1667 referret,
1193 1580 1230 1650 &
1247 1579 1323 1648 A'n·
1437 1611 1438 1638 ι

270 1755 274 1766 ,
357 1687 474 1762 touini
490 1711 616 1761 nomen
634 1689 793 1763 omnibus
812 1688 970 1787 deinceps
994 1688 1085 1789 quad
1102 1685 1241 1786 Augusti
1264 1685 1323 1758 ad·
1438 1716 1439 1720 ¹

359 1796 571 1870 scribendum
591 1817 732 1894 putaret.
751 1800 854 1898 Ipfipa
871 1801 1023 1892 Senatu,
1044 1827 1063 1874 a
1085 1797 1264 1900 gentilibus
1279 1797 1323 1870 li·
1439 1879 1440 1886 ἵ

359 1907 517 2005 berisque
544 1904 622 2001 ejus·
642 1907 742 1983 funus
770 1911 1001 2006 ampliffimum
1025 1907 1214 1986 exhibitum
1241 1905 1324 2000 fuit,
1440 1949 1441 1952 =

361 2035 463 2113 atque
480 2016 569 2088 inter
583 2015 701 2092 Divos
718 2017 765 2092 est
785 2018 917 2093 relatus.
937 2023 1052 2116 Opera
1075 2018 1211 2117 publica
1231 2014 1325 2109 ejus,

360 2125 534 2224 praecipue
552 2129 694 2219 Romae,
716 2129 864 2221 exstant,
881 2131 1109 2228 Septizonium
1128 2133 1166 2204 dt
1186 2129 1326 2200 thermae
1416 2221 1421 2232 ἱ

312 2335 315 2347 Ι
362 2234 577 2325 severiane,
592 2236 663 2332 ejus
684 2236 830 2336 denique
843 2239 951 2312 ’etiam
966 2239 1037 2312 tani
1051 2238 1086 2312 in
1101 2233 1325 2310 Transtiberi-

363 2369 409 2418 na
429 2345 569 2443 regione
595 2347 637 2418 ad
659 2362 794 2443 p'ortatn
816 2348 964 2422 nominis
987 2348 1058 2446 sui,
1080 2368 1228 2445 quotum
1252 2341 1325 2416 for·

224 2457 228 2466 ’
269 2525 271 2528 .
363 2480 421 2532 ma
444 2453 646 2529 intercidens
667 2455 775 2554 statim
798 2455 892 2529 usum
919 2457 1090 2553 publicum
1112 2455 1245 2527 invidit.
1267 2454 1326 2524 Ju-

365 2562 492 2635 diciunt
512 2563 554 2636 de
572 2587 616 2638 co
637 2564 711 2660 post
730 2583 875 2636 mortem
896 2587 1053 2662 magnum
1071 2563 1224 2636 omnium
1245 2559 1327 2634 suita

365 2671 514 2746 maxime
533 2675 628 2768 quod
642 2675 700 2748 diu
719 2700 815 2748 neca
831 2673 908 2747 filiis
929 2674 1000 2768 ejus
1020 2673 1104 2747 boni
1120 2669 1247 2768 aliquid
1261 2669 1328 2742 rei·

365 2780 513 2877 publica
534 2783 650 2868 venit,
666 2785 703 2856 dt
721 2783 834 2878 postea
856 2783 1095 2856 invadentibus
1112 2783 1225 2854 multis
1242 2805 1329 2852 rent·

366 2889 538 2986 publicam
571 2913 623 2964 tes
649 2881 802 2974 Romana
834 2882 1056 2988 predonibus
1084 2891 1228 2985 direptui
1258 2890 1329 2961 fuit.

366 2997 435 3072 Hie
447 3018 513 3072 tam
526 3001 653 3100 exiguis
671 3003 816 3076 vestibus
834 3004 914 3077 usus
926 3005 992 3094 ert,
1007 3023 1044 3076 ut
1057 3005 1114 3075 vix
1129 3002 1245 3074 tunica
1261 2999 1329 3093 ejus

368 3107 496 3204 aliquid
516 3117 674 3206 purpure
702 3113 858 3202 haberet,
880 3117 917 3186 &
944 3137 1021 3186 cunt
1043 3111 1129 3184 hirta
1150 3111 1331 3206 chlamyde

367 3215 530 3291 humeros
556 3220 700 3294 velaret:
722 3222 789 3296 cibi
815 3219 1043 3316 parcissimus,
1071 3217 1250 3318 leguminis
1271 3240 1331 3310 pa·

366 3323 427 3401 nii
440 3324 578 3416 avidus,
589 3327 662 3400 vini
675 3329 858 3428 aliquando
876 3331 1036 3425 cupidus,
1050 3329 1159 3402 carnis
1174 3327 1332 3420 frequen·

338 3509 341 3514 ,
370 3451 423 3508 tet
447 3437 592 3534 ignarus.
620 3429 690 3536 lpse
723 3441 891 3526 decorus,
913 3439 982 3536 ipse
1011 3440 1145 3538 ingens,
1175 3431 1334 3531 promitit

368 3546 494 3637 barba,
515 3573 603 3622 cano
627 3550 735 3646 capite
762 3553 800 3623 δι
827 3549 965 3644 crispo,
986 3549 1082 3622 vultu
1109 3542 1333 3638 reverendus,

349 3661 519 3730 'canorus
539 3683 647 3749 voce,
667 3659 722 3732 sed
738 3659 857 3732 Afrum
879 3659 1035 3756 quiddam
1052 3656 1160 3752 ‘usque
1183 3654 1224 3724 ad
1241 3653 1335 3724 sene·

372 3767 496 3866 &utem
523 3766 664 3841 sonansr
688 3793 728 3842 ac
752 3770 828 3867 post
853 3791 996 3842 mortem
1023 3768 1164 3840 multum
1182 3783 1334 3852 amatus,

375 3873 433 3946 vel
451 3876 578 3962 invidia
600 3877 772 3976 deposita,
793 3879 850 3957 vel
872 3875 1076 3955 crudelitatis
1096 3895 1200 3951 metu.
