2856 4824
358 359 425 436 228
452 361 530 432 aa.
548 325 1298 439 LAMPR.ANtoNlN.D1ADtJMENUs;

266 589 270 600 .
355 545 425 594 tur:
442 547 500 606 rte,
509 517 547 616 fi
564 514 678 612 occafio
691 513 813 606 fucrit,
838 540 897 585 nos
915 518 1107 590 interimant.
1125 519 1187 606 Et,
1211 538 1320 615 quana

355 645 429 700 tum
444 625 576 700 Lollius
593 623 743 698 Urbicus
762 621 798 694 in
811 621 947 696 historia
964 623 1014 698 sui
1032 625 1197 720 temporis
1218 627 1319 717 dicit,

356 735 426 810 illae
444 734 550 806 literae
569 754 628 826 per
652 728 819 801 notarium
838 730 1004 824 prodita,
1021 730 1072 804 illi
1098 755 1206 825 puero
1229 735 1318 806 rnul-

224 931 234 948 χ
356 865 428 920 tum
448 843 537 940 apud
552 838 675 912 milites
688 837 830 910 obsuilie
848 838 1020 914 dicuntur.
1042 841 1152 929 Nam,
1166 866 1244 916 cum
1260 863 1319 939 pai

357 973 444 1028 trem
461 948 680 1038 occidillent‚
698 946 833 1043 quidam
851 946 943 1024 hunc
967 949 1101 1025 servare
1117 951 1317 1029 voluerunt:

289 1085 291 1093 ’
356 1060 414 1136 sed
433 1056 555 1132 eallitit
579 1055 821 1144 cubicularius,
840 1056 900 1153 qui
914 1057 973 1130 has
997 1056 1153 1154 epistolas
1175 1061 1316 1136 concio·
1414 1045 1419 1082 ⁸

357 1172 396 1248 ni
412 1169 557 1244 militum
575 1167 665 1266 legit.
680 1166 864 1242 Interfeliis
884 1167 986 1264 igitur
1006 1171 1194 1258 ambobus,
1208 1173 1246 1246 &
1260 1197 1317 1248 ca·

357 1282 484 1384 pitibus
497 1279 570 1377 pilo
591 1277 815 1370 circumlatis,
829 1278 866 1352 in
885 1281 1037 1356 Marcum
1059 1280 1233 1354 Aurelium
1243 1285 1317 1356 An·

357 1390 542 1478 tonitrum(
556 1388 693 1462 caritate
712 1387 883 1475 nominis,
901 1386 1082 1472 inclinavit
1096 1389 1274 1464 exercitus.
1288 1393 1317 1464 ls

359 1501 450 1576 filius
470 1499 612 1574 Bassiani
629 1499 793 1574 Caracalli
816 1497 993 1574 serebatur.
1006 1499 1085 1576 Erat
1105 1521 1217 1572 autem
1233 1518 1317 1572 tent·

359 1612 408 1708 pli
429 1610 639 1709 Heliogabali
661 1608 833 1697 sacerdos,
853 1608 961 1682 homo
984 1609 1137 1682 omnium
1159 1607 1317 1705 impuris·-

360 1719 460 1792 fimus
471 1771 483 1810 ‚
496 1724 536 1814 .&
552 1719 611 1817 qui
629 1718 702 1792 fato
718 1719 870 1818 'quodam
888 1719 1081 1793 Romanum
1101 1715 1316 1790 deformave-

361 1826 405 1898 rit
427 1826 614 1922 imperium.
629 1827 685 1899 De
702 1848 773 1920 quo
787 1823 946 1921 quidem,
963 1826 1042 1926 quia
1057 1825 1160 1902 multa
1176 1823 1253 1900 lunt
1266 1825 1319 1910 di·,

362 1934 488 2030 tenda,
499 1934 581 2010 loco
599 1931 661 2010 suo
680 1931 842 2009 differam.
