2884 4828
323 343 387 415 aa
470 335 1125 434 nrrraauontorr

265 485 270 582 s
313 500 450 576 flamine
471 499 613 590 addito,
639 521 751 597 quem*
767 491 1041 594 ipse-vivus'fibi
1068 515 1274 597 paraverat,

313 613 530 689 Herculaneo
547 607 814 683 Commodiano.
836 609 978 682 Sorores
1000 630 1067 684 tres
1086 610 1275 709 superstites

311 721 459 820 reliquit.
483 723 530 793 Ut
549 716 668 791 natalis
688 716 760 813 ejus
780 717 1032 813 celebraretur,
1056 722 1199 798 Severus
1224 719 1275 792 in·

311 833 427 908 stituit.
666 828 674 848 '

358 942 482 1017 XVIII.
492 935 912 1011 Acclamationessenatus
920 939 996 1035 post
1006 957 1152 1015 mortem
1166 942 1275 1014 Com·

309 1051 406 1146 modi
432 1069 551 1147 graves
574 1043 720 1118 fuerunt.
741 1051 789 1119 Ur
809 1067 921 1120 autem
938 1049 1097 1134 sciretur,
1112 1049 1276 1146 quodju-

202 1200 220 1230 ι.
246 1147 272 1246 ’χ
308 1157 432 1232 dicium
460 1157 601 1228 Senatus
621 1155 663 1228 de
687 1155 884 1230 Commodo
907 1155 1030 1245 firerit,
1056 1155 1141 1252 ipsas
1163 1147 1276 1264 accla-

306 1267 475 1341 mationes
496 1264 537 1336 de
557 1264 670 1336 Mario
693 1265 847 1341 Maximo
868 1265 998 1352 indidi,
1016 1268 1055 1340 δι
1077 1266 1275 1342 sententiam
1303 1309 1306 1316 ·

257 1443 261 1456 ,
306 1370 616 1450 senatusconsulti:
638 1375 731 1475 Hosti
750 1380 861 1466 patria
888 1379 1020 1448 ltortores
1045 1377 1276 1449 detrahantur:
1329 1423 1333 1426 ·

301 1486 615 1580 parricidalronores
637 1485 860 1554 detrahantur:
875 1487 1038 1577 parricida
1052 1487 1201 1558 trahatur.
1213 1491 1274 1559 lto·

299 1595 362 1695 stis
374 1593 488 1684 patria
499 1642 508 1674 ,
521 1593 702 1683 parricida,
720 1595 898 1684 gladiator,
913 1599 947 1664 ira
958 1596 1118 1686 spoliario
1129 1599 1272 1668 lanietur.

307 1703 402 1804 lmflt's
431 1704 598 1780 Deorum,
623 1699 770 1787 carnifex
792 1703 959 1787 Senatus,
986 1704 1080 1804 lroflt's
1103 1705 1272 1794 Deorum,

299 1811 462 1906 parricida
477 1811 626 1878 Senatus.
641 1807 735 1908 laoflis
750 1807 911 1898 Deamm,
925 1810 1020 1908 hostis
1038 1817 1182 1882 Senatus.
1200 1819 1271 1908 gla-

212 1929 215 1935 '
305 1925 455 1991 dictorem
468 1917 673 2009 inspoliario.
691 1922 747 2012 qui
758 1925 910 1990 Senatum
924 1925 1056 2005 occidit,
1071 1929 1106 1994 in
1109 1925 1269 2016 spoliario

298 2053 440 2126 ponatur
453 2053 466 2114 ς
480 2030 533 2121 qui
547 2034 700 2098 Senatum
716 2033 846 2115 oceidit,
858 2055 939 2100 urceo
959 2033 1129 2101 trahatur:
1147 2035 1203 2124 qui
1216 2034 1270 2102 in·

303 2165 444 2213 nocentes
458 2142 594 2232 occidit,
612 2163 692 2212 urtao
705 2139 870 2210 trabatur:
890 2141 999 2241 hostia,
1010 2143 1189 2235 parricida,
1202 2145 1269 2214 rare

293 2255 410 2352 serere.
428 2258 483 2349 qui
498 2255 656 2350 sanguini
667 2253 732 2345 suo
751 2279 819 2324 reon
833 2254 987 2344 pepercit,
1009 2278 1090 2324 urreo
1110 2258 1266 2340 trahatur.

301 2371 359 2462 qui,
374 2391 403 2439 te
420 2368 572 2457 oeaifirnar
582 2362 673 2456 fuit,
688 2389 768 2435 unco
788 2366 938 2435 trahatur.
960 2365 1135 2457 Nobiscum
1153 2367 1266 2436 timui·

196 2521 211 2539 ,
289 2479 357 2578 sti,
377 2475 533 2566 nobifium
543 2477 740 2567 periclitatus
761 2499 803 2543 es.
824 2477 878 2543 'Ut
882 2474 974 2566 strlri
982 2471 1107 2570 fimas,
1120 2473 1266 2566 Iuppiter

300 2589 414 2677 optime
435 2589 596 2673 maxime,
608 2586 703 2678 serra
721 2586 812 2654 nobis
827 2587 1032 2656 Pertinacem.
1044 2585 1139 2656 Fidei
1153 2609 1267 2677 prato·

300 2699 460 2766 rianorum
473 2694 632 2780 feliciter.-
650 2696 804 2782 pratoriis
822 2693 998 2764 cohortibus
1007 2691 1166 2782 feliciter:
1177 2695 1266 2766 exer*-

298 2805 420 2878 citibus,
429 2803 746 2891 Romanisfeliciter:
756 2807 871 2895 pietati
884 2809 911 2872 S
912 2829 1022 2874 erratus
1026 2803 1171 2894 feliciter.
1185 2809 1266 2878 Par·

299 2912 402 2983 ricida
421 2911 572 2982 trabatur.
594 2913 780 3006 Rogamus,
801 2913 960 3009 Auguste,
980 2917 1138 3005 parricida
1154 2919 1264 2985 traba-
1347 2937 1362 2996 ,ἵ

298 3043 357 3090 tur.
371 3020 443 3088 Hoc
455 3043 626 3111 rogamus,
642 3017 802 3110 parricida
819 3025 973 3092 trahatur.
992 3025 1130 3092 Exaudi
1150 3025 1261 3116 (iasar.

297 3131 467 3198 Delatores
481 3132 526 3208 ad
542 3133 682 3218 leonem,
696 3134 817 3202 exaudi
831 3133 941 3224 Caesar.
961 3122 1131 3203 Delatorer
1143 3137 1189 3202 ad
1198 3139 1263 3204 leo·
1327 3225 1330 3232 Ι

263 3281 266 3284 -
295 3263 365 3308 nem
376 3290 387 3322 ,
400 3241 517 3308 exaudi
530 3239 639 3329 Castu.
658 3245 824 3332 Speratum
846 3243 892 3311 ad
908 3247 1035 3312 leonem.
1055 3243 1195 3314 Vitioria
1202 3273 1262 3337 po·

291 3346 364 3437 puli
377 3348 516 3414 Romani
521 3345 678 3434 feliciur:
685 3349 766 3438 fidei
784 3349 920 3418 militum
928 3346 1086 3437 filiciter:
1089 3353 1171 3440 fidei
1179 3380 1262 3444 pra·

261 3453 278 3459 ”
294 3457 489 3524 torianorum
499 3452 655 3544 feliciter:
674 3459 848 3530 coloratas
859 3461 1013 3548 praetoriis
1020 3459 1165 3550 feliciter.
1186 3463 1261 3532 Ho-

217 3603 221 3608 =
287 3563 347 3661 stis
355 3565 482 3662 statuas
504 3570 664 3660 undique,
685 3571 852 3657 parricida
861 3568 988 3668 statuas
1007 3577 1168 3665 undique,
1188 3579 1259 3667 gla-
1286 3575 1292 3601 ²

280 3672 427 3749 ¹dictoris
436 3673 564 3770 statuas
583 3677 718 3766 undique
728 3721 739 3760 ,
756 3678 943 3768 gladiatoris
962 3673 1000 3749 t&
1017 3684 1181 3772 parricida
1189 3682 1262 3780 sta·

293 3797 353 3848 tua
372 3783 579 3853 detrahantur.
605 3804 732 3852 necator
753 3785 870 3880 titium
895 3787 1069 3858 tralratur:
1091 3791 1258 3881 parricida
