2884 4828
307 321 1021 452 'controuersiae-omnus.-
1092 387 1160 460 117

195 514 312 586 ciuium
323 519 473 590 trabatur.
483 492 670 612 gladiatoris
674 515 789 615 slauta
806 521 1020 592 detrabarttur.
1032 525 1076 592 Te
1086 524 1157 618 sal·

193 652 234 696 ro
247 675 259 712 ,
272 625 361 717 sciui
377 623 520 719 &securi
530 625 662 718 sumus,
678 653 766 714 rere,
785 651 872 700 vetet
885 633 978 698 modo
995 657 1078 719 vere,
1092 659 1159 700 ma-
1229 701 1231 705 .

193 739 233 804 do
248 737 340 830 digne
352 788 362 821 ,
374 742 467 807 modo
479 763 566 821 rere,
584 722 679 807 modo
691 741 793 811 libere.
805 741 901 810 Nunc
910 738 1157 831 securisumus:

192 849 379 919 delatoribus
401 853 522 919 metum.
550 851 597 918 Ut
614 847 717 937 securi
731 847 855 940 fimus,
877 851 1065 920 delatoribus
1095 879 1157 919 me·

192 977 282 1024 tum:
290 956 378 1046 salui
385 955 509 1052 fimus,
527 960 676 1026 debitores
697 961 732 1026 de
742 961 876 1034 Senatu.
896 945 1157 1046 delatoribus‘fie·

181 1064 281 1162 slent,
295 1067 431 1159 resolvo.
445 1072 595 1148 delatores
609 1071 655 1139 ad
667 1071 803 1156 leonem,
816 1090 844 1138 te
867 1070 1046 1159 imperante.
1068 1071 1155 1137 dela·
1246 1099 1248 1106 ·

187 1180 305 1250 toribus
313 1179 439 1275 susem.
850 1182 853 1187 ’
972 1191 977 1200 ’

238 1296 335 1366 ΧΙΧ.
349 1295 521 1364 Parricida
532 1296 717 1387 gladiatoris
731 1297 879 1364 nnmoria
892 1298 1067 1379 aboleatur,
1075 1319 1152 1385 par·

191 1407 503 1500 ritidtngladiatoris
513 1405 627 1505 statua
647 1409 856 1476 detrahantur.
881 1407 1003 1497 lmpuri
1021 1409 1153 1496 gladia·

188 1517 269 1585 toris
294 1519 441 1584 memoria
469 1517 660 1603 aboleatur:
688 1517 897 1608 gladiator'em
926 1517 962 1584 irt
982 1513 1152 1606 spoliario.

187 1625 327 1726 Exaudi
346 1625 455 1717 Casar.
465 1621 609 1709 carnifex
628 1649 706 1716 unco
723 1626 875 1694 trabatur.
888 1622 1032 1712 carnifex
1046 1629 1149 1694 Sena·
1202 1616 1206 1632 .

175 1747 240 1801 'tus
261 1759 343 1804 more
364 1734 518 1820 majorum
532 1757 613 1804 unco
634 1735 785 1804 trabatur.
802 1736 922 1802 Savior
934 1734 1149 1822 Domitiano,
1223 1774 1225 1778 ·
1282 1815 1288 1826 1

126 1889 136 1915 ι
188 1844 341 1933 impurior
349 1848 491 1928 Nerone,
503 1841 905 1942 ficret-feeit‚ficpatiatut‘.
919 1843 1079 1914 Memoria
1093 1832 1148 1912 in?

187 1959 364 2026 nocentium
371 1957 544 2049 serventur.
562 1957 691 2026 bonores
707 1957 916 2028 iunocentium
930 1953 1086 2053 reslituas,
1097 1981 1148 2024 ro·

184 2091 308 2160 gamus.
327 2069 497 2138 Parricida
518 2069 651 2136 cadauer
671 2093 752 2136 unco
774 2068 936 2135 trabatur:
957 2067 1146 2157 gladiatoris

189 2181 322 2248 cadaver
341 2205 421 2250 unco
441 2177 811 2272 trebetam-gladiatoris
832 2180 964 2246 cadauer
977 2178 1147 2269 inspolia-

182 2290 234 2356 rio
245 2309 396 2380 ponatur.
420 2287 572 2382 Perroga,
590 2310 864 2380 perrogatomncs
879 2285 1042 2378 censemus
1064 2313 1146 2356 unco

185 2399 397 2468 trabentium(
413 2399 481 2492 Qui
511 2383 616 2468 omnes
642 2399 777 2480 occidit,
806 2425 887 2470 unco
914 2399 1066 2469 trabatur.
1089 2396 1146 2488 qui
1249 2406 1252 2418 '

185 2535 305 2578 omnem
327 2532 445 2579 atatem
467 2513 601 2598 occidit,
624 2537 706 2580 unco
727 2511 878 2581 trabatur.
902 2507 959 2600 qui
983 2530 1146 2598 utrumque
1187 2521 1189 2529 '

174 2618 291 2708 sexum
314 2622 447 2701 oceidit,
468 2643 549 2689 urtto
574 2621 727 2689 trabatur.
754 2619 809 2708 qui
820 2617 976 2708 setnguirti
989 2615 1053 2707 suo
1076 2642 1143 2686 reon

178 2731 331 2820 pepercit,
344 2753 424 2797 unco
445 2729 593 2798 trabatur.
607 2733 662 2819 qui
673 2725 949 2819 templaspoliavit
957 2776 970 2814 ,
979 2751 1060 2796 unco
1074 2749 1142 2796 rra·

184 2841 287 2909 batur.
305 2837 360 2930 qui
374 2836 549 2936 testamenta
570 2839 699 2923 delevit,
715 2865 795 2910 unco
812 2839 964 2924 trabatur.
974 2840 1036 2930 ,qui
1051 2841 1143 2908 riuos

173 2947 348 3128 spoliarit,
360 2974 440 3017 unco
452 2949 602 3018 trabatur.
620 2951 729 3020 Seruis
740 2950 942 3042 servivimus.
958 2948 1026 3042 Qui
1038 2952 1143 3038 pretia
1222 3031 1238 3052 N

150 3063 156 3074 ’
206 3063 253 3128 ita
272 3058 411 3150 excepit,
427 3085 506 3128 unco
521 3060 672 3129 trabatur.
693 3063 748 3152 qui
755 3063 857 3152 pretia
880 3061 951 3128 uita
969 3061 1091 3151 exegit,
1106 3054 1141 3128 6·
1162 3055 1165 3064 ’

175 3169 273 3258 fidem
289 3196 355 3239 nort
366 3169 531 3258 seruerit,
550 3196 631 3240 unco
653 3149 805 3242 trabaturi
827 3173 880 3264 qui
900 3174 1049 3242 Senatum
1066 3197 1140 3240 ren·

164 3280 287 3362 didit,
305 3303 386 3347 teneo
409 3280 561 3348 trabatur.
590 3280 646 3370 qui
665 3279 751 3368 filiis
776 3280 898 3378 abstulit
921 3282 1140 3363 hereditatem,
1182 3267 1189 3286 ’

125 3397 127 3400 ’
181 3411 263 3454 unco
282 3390 432 3457 trabatur.
451 3387 573 3456 Indices
584 3392 620 3456 de
638 3390 775 3473 Senatu,
788 3383 937 3460 delatores
950 3392 987 3458 dt
1001 3395 1141 3474 Senatu,

173 3496 334 3588 servorum
344 3497 564 3588 subornatores
584 3502 622 3568 de
635 3503 763 3572 Senatu.
779 3495 812 3572 b
828 3525 862 3570 tu
872 3501 945 3570 nebi
960 3525 1031 3568 eum
1043 3501 1140 3569 timu·

180 3603 257 3703 isti:
277 3609 384 3674 omnia
395 3607 462 3694 scis
471 3633 487 3690 ,·
509 3609 605 3677 botros
626 3605 659 3679 δ’
676 3613 778 3713 malps
799 3608 904 3707 trosli:
925 3610 1035 3676 omnia
1042 3605 1144 3696 seis,

182 3717 292 3782 omnia
301 3721 428 3785 emenda
438 3743 448 3782 .·
454 3741 515 3809 pro
529 3741 555 3786 tt
571 3718 745 3790 timuimus.
767 3719 799 3788 0
815 3744 875 3788 nos
885 3716 1015 3806 felices,
1029 3739 1057 3786 tt
1072 3721 1140 3788 viro

182 3819 377 3918 imperante!
390 3825 445 3897 De
458 3813 616 3920 parricida
631 3824 707 3918 refer
714 3878 727 3920 ‚
740 3825 832 3918 teser,
843 3851 972 3919 parrega
982 3849 995 3897 r
1007 3825 1140 3921 prasert-
